%YAML 1.1
%TAG !u! tag:unity3d.com,2011:
--- !u!114 &8269155814506326713
MonoBehaviour:
  m_ObjectHideFlags: 0
  m_CorrespondingSourceObject: {fileID: 0}
  m_PrefabInstance: {fileID: 0}
  m_PrefabAsset: {fileID: 0}
  m_GameObject: {fileID: 7922740091782843491}
  m_Enabled: 1
  m_EditorHideFlags: 0
  m_Script: {fileID: 11500000, guid: a724458ce82dbca449e3c01e24b1d599, type: 3}
  m_Name: 
  m_EditorClassIdentifier: 
  m_levelToRotate: {fileID: 193023294811804450}
  m_cylinderToRotate: {fileID: 3819377557053891234}
  m_startBallPosition: {fileID: 7002531179818459886}
  m_ballsParent: {fileID: 7192755861329994107}
  m_virtualCamGame: {fileID: 7588868790581064295}
  m_pieChartElements: []
  m_cameraTarget: {fileID: 6822537550456425188}
  currentScoreFinisher: 0
  m_pieChartCount: 20
  m_spaceBetweenPieChart: 2
  m_isRandomPieChartRotation: 1
  m_levelDifficulty: 2
--- !u!1001 &6447582720516057234
PrefabInstance:
  m_ObjectHideFlags: 0
  serializedVersion: 2
  m_Modification:
    m_TransformParent: {fileID: 0}
    m_Modifications:
    - target: {fileID: 3785645411368707313, guid: e74127705592e404a917aa686ad036c4,
        type: 3}
      propertyPath: m_Name
      value: GeneratedLevelHard
      objectReference: {fileID: 0}
    - target: {fileID: 7597070874814852729, guid: e74127705592e404a917aa686ad036c4,
        type: 3}
      propertyPath: m_RootOrder
      value: 0
      objectReference: {fileID: 0}
    - target: {fileID: 7597070874814852729, guid: e74127705592e404a917aa686ad036c4,
        type: 3}
      propertyPath: m_LocalPosition.x
      value: 0
      objectReference: {fileID: 0}
    - target: {fileID: 7597070874814852729, guid: e74127705592e404a917aa686ad036c4,
        type: 3}
      propertyPath: m_LocalPosition.y
      value: 0
      objectReference: {fileID: 0}
    - target: {fileID: 7597070874814852729, guid: e74127705592e404a917aa686ad036c4,
        type: 3}
      propertyPath: m_LocalPosition.z
      value: 0
      objectReference: {fileID: 0}
    - target: {fileID: 7597070874814852729, guid: e74127705592e404a917aa686ad036c4,
        type: 3}
      propertyPath: m_LocalRotation.w
      value: 1
      objectReference: {fileID: 0}
    - target: {fileID: 7597070874814852729, guid: e74127705592e404a917aa686ad036c4,
        type: 3}
      propertyPath: m_LocalRotation.x
      value: 0
      objectReference: {fileID: 0}
    - target: {fileID: 7597070874814852729, guid: e74127705592e404a917aa686ad036c4,
        type: 3}
      propertyPath: m_LocalRotation.y
      value: 0
      objectReference: {fileID: 0}
    - target: {fileID: 7597070874814852729, guid: e74127705592e404a917aa686ad036c4,
        type: 3}
      propertyPath: m_LocalRotation.z
      value: 0
      objectReference: {fileID: 0}
    - target: {fileID: 7597070874814852729, guid: e74127705592e404a917aa686ad036c4,
        type: 3}
      propertyPath: m_LocalEulerAnglesHint.x
      value: 0
      objectReference: {fileID: 0}
    - target: {fileID: 7597070874814852729, guid: e74127705592e404a917aa686ad036c4,
        type: 3}
      propertyPath: m_LocalEulerAnglesHint.y
      value: 0
      objectReference: {fileID: 0}
    - target: {fileID: 7597070874814852729, guid: e74127705592e404a917aa686ad036c4,
        type: 3}
      propertyPath: m_LocalEulerAnglesHint.z
      value: 0
      objectReference: {fileID: 0}
    m_RemovedComponents:
    - {fileID: 6069420223849713747, guid: e74127705592e404a917aa686ad036c4, type: 3}
  m_SourcePrefab: {fileID: 100100000, guid: e74127705592e404a917aa686ad036c4, type: 3}
--- !u!1 &7922740091782843491 stripped
GameObject:
  m_CorrespondingSourceObject: {fileID: 3785645411368707313, guid: e74127705592e404a917aa686ad036c4,
    type: 3}
  m_PrefabInstance: {fileID: 6447582720516057234}
  m_PrefabAsset: {fileID: 0}
--- !u!114 &7588868790581064295 stripped
MonoBehaviour:
  m_CorrespondingSourceObject: {fileID: 3471001699373521653, guid: e74127705592e404a917aa686ad036c4,
    type: 3}
  m_PrefabInstance: {fileID: 6447582720516057234}
  m_PrefabAsset: {fileID: 0}
  m_GameObject: {fileID: 0}
  m_Enabled: 1
  m_EditorHideFlags: 0
  m_Script: {fileID: 11500000, guid: 45e653bab7fb20e499bda25e1b646fea, type: 3}
  m_Name: 
  m_EditorClassIdentifier: 
--- !u!4 &193023294811804450 stripped
Transform:
  m_CorrespondingSourceObject: {fileID: 6617947272723069872, guid: e74127705592e404a917aa686ad036c4,
    type: 3}
  m_PrefabInstance: {fileID: 6447582720516057234}
  m_PrefabAsset: {fileID: 0}
--- !u!23 &3819377557053891234 stripped
MeshRenderer:
  m_CorrespondingSourceObject: {fileID: 7816927289186552368, guid: e74127705592e404a917aa686ad036c4,
    type: 3}
  m_PrefabInstance: {fileID: 6447582720516057234}
  m_PrefabAsset: {fileID: 0}
--- !u!4 &7002531179818459886 stripped
Transform:
  m_CorrespondingSourceObject: {fileID: 4059879972270197372, guid: e74127705592e404a917aa686ad036c4,
    type: 3}
  m_PrefabInstance: {fileID: 6447582720516057234}
  m_PrefabAsset: {fileID: 0}
--- !u!4 &7192755861329994107 stripped
Transform:
  m_CorrespondingSourceObject: {fileID: 4227656336657123817, guid: e74127705592e404a917aa686ad036c4,
    type: 3}
  m_PrefabInstance: {fileID: 6447582720516057234}
  m_PrefabAsset: {fileID: 0}
--- !u!4 &6822537550456425188 stripped
Transform:
  m_CorrespondingSourceObject: {fileID: 564339271959732854, guid: e74127705592e404a917aa686ad036c4,
    type: 3}
  m_PrefabInstance: {fileID: 6447582720516057234}
  m_PrefabAsset: {fileID: 0}
