%YAML 1.1
%TAG !u! tag:unity3d.com,2011:
--- !u!1 &392849787484747773
GameObject:
  m_ObjectHideFlags: 0
  m_CorrespondingSourceObject: {fileID: 0}
  m_PrefabInstance: {fileID: 0}
  m_PrefabAsset: {fileID: 0}
  serializedVersion: 6
  m_Component:
  - component: {fileID: 2450192887221611925}
  m_Layer: 0
  m_Name: Center
  m_TagString: Untagged
  m_Icon: {fileID: 0}
  m_NavMeshLayer: 0
  m_StaticEditorFlags: 0
  m_IsActive: 1
--- !u!4 &2450192887221611925
Transform:
  m_ObjectHideFlags: 0
  m_CorrespondingSourceObject: {fileID: 0}
  m_PrefabInstance: {fileID: 0}
  m_PrefabAsset: {fileID: 0}
  m_GameObject: {fileID: 392849787484747773}
  m_LocalRotation: {x: -0, y: -0, z: -0, w: 1}
  m_LocalPosition: {x: 0, y: 0, z: 0}
  m_LocalScale: {x: 1, y: 1, z: 1}
  m_Children: []
  m_Father: {fileID: 6961662586827646327}
  m_RootOrder: 1
  m_LocalEulerAnglesHint: {x: 0, y: 0, z: 0}
--- !u!1001 &3265583068136614246
PrefabInstance:
  m_ObjectHideFlags: 0
  serializedVersion: 2
  m_Modification:
    m_TransformParent: {fileID: 0}
    m_Modifications:
    - target: {fileID: 2468001088915630480, guid: 8cd79440a32d8c542b4bafacaf63caf6,
        type: 3}
      propertyPath: m_pieChartParts.Array.size
      value: 3
      objectReference: {fileID: 0}
    - target: {fileID: 2468001088915630480, guid: 8cd79440a32d8c542b4bafacaf63caf6,
        type: 3}
      propertyPath: m_pieChartParts.Array.data[0]
      value: 
      objectReference: {fileID: 5923883820090310392}
    - target: {fileID: 2468001088915630480, guid: 8cd79440a32d8c542b4bafacaf63caf6,
        type: 3}
      propertyPath: m_pieChartParts.Array.data[1]
      value: 
      objectReference: {fileID: 4709182350676348078}
    - target: {fileID: 2468001088915630480, guid: 8cd79440a32d8c542b4bafacaf63caf6,
        type: 3}
      propertyPath: m_pieChartParts.Array.data[2]
      value: 
      objectReference: {fileID: 9126931061322409718}
    - target: {fileID: 5606248451012365329, guid: 8cd79440a32d8c542b4bafacaf63caf6,
        type: 3}
      propertyPath: m_RootOrder
      value: 0
      objectReference: {fileID: 0}
    - target: {fileID: 5606248451012365329, guid: 8cd79440a32d8c542b4bafacaf63caf6,
        type: 3}
      propertyPath: m_LocalScale.x
      value: 1
      objectReference: {fileID: 0}
    - target: {fileID: 5606248451012365329, guid: 8cd79440a32d8c542b4bafacaf63caf6,
        type: 3}
      propertyPath: m_LocalScale.y
      value: 1
      objectReference: {fileID: 0}
    - target: {fileID: 5606248451012365329, guid: 8cd79440a32d8c542b4bafacaf63caf6,
        type: 3}
      propertyPath: m_LocalScale.z
      value: 1
      objectReference: {fileID: 0}
    - target: {fileID: 5606248451012365329, guid: 8cd79440a32d8c542b4bafacaf63caf6,
        type: 3}
      propertyPath: m_LocalPosition.x
      value: 0
      objectReference: {fileID: 0}
    - target: {fileID: 5606248451012365329, guid: 8cd79440a32d8c542b4bafacaf63caf6,
        type: 3}
      propertyPath: m_LocalPosition.y
      value: 0
      objectReference: {fileID: 0}
    - target: {fileID: 5606248451012365329, guid: 8cd79440a32d8c542b4bafacaf63caf6,
        type: 3}
      propertyPath: m_LocalPosition.z
      value: 0
      objectReference: {fileID: 0}
    - target: {fileID: 5606248451012365329, guid: 8cd79440a32d8c542b4bafacaf63caf6,
        type: 3}
      propertyPath: m_LocalRotation.w
      value: 1
      objectReference: {fileID: 0}
    - target: {fileID: 5606248451012365329, guid: 8cd79440a32d8c542b4bafacaf63caf6,
        type: 3}
      propertyPath: m_LocalRotation.x
      value: 0
      objectReference: {fileID: 0}
    - target: {fileID: 5606248451012365329, guid: 8cd79440a32d8c542b4bafacaf63caf6,
        type: 3}
      propertyPath: m_LocalRotation.y
      value: 0
      objectReference: {fileID: 0}
    - target: {fileID: 5606248451012365329, guid: 8cd79440a32d8c542b4bafacaf63caf6,
        type: 3}
      propertyPath: m_LocalRotation.z
      value: 0
      objectReference: {fileID: 0}
    - target: {fileID: 5606248451012365329, guid: 8cd79440a32d8c542b4bafacaf63caf6,
        type: 3}
      propertyPath: m_LocalEulerAnglesHint.x
      value: 0
      objectReference: {fileID: 0}
    - target: {fileID: 5606248451012365329, guid: 8cd79440a32d8c542b4bafacaf63caf6,
        type: 3}
      propertyPath: m_LocalEulerAnglesHint.y
      value: 0
      objectReference: {fileID: 0}
    - target: {fileID: 5606248451012365329, guid: 8cd79440a32d8c542b4bafacaf63caf6,
        type: 3}
      propertyPath: m_LocalEulerAnglesHint.z
      value: 0
      objectReference: {fileID: 0}
    - target: {fileID: 5606248451012365330, guid: 8cd79440a32d8c542b4bafacaf63caf6,
        type: 3}
      propertyPath: m_Name
      value: MediumPieChart01
      objectReference: {fileID: 0}
    m_RemovedComponents: []
  m_SourcePrefab: {fileID: 100100000, guid: 8cd79440a32d8c542b4bafacaf63caf6, type: 3}
--- !u!4 &6961662586827646327 stripped
Transform:
  m_CorrespondingSourceObject: {fileID: 5606248451012365329, guid: 8cd79440a32d8c542b4bafacaf63caf6,
    type: 3}
  m_PrefabInstance: {fileID: 3265583068136614246}
  m_PrefabAsset: {fileID: 0}
--- !u!4 &6961662585134809676 stripped
Transform:
  m_CorrespondingSourceObject: {fileID: 5606248450418453290, guid: 8cd79440a32d8c542b4bafacaf63caf6,
    type: 3}
  m_PrefabInstance: {fileID: 3265583068136614246}
  m_PrefabAsset: {fileID: 0}
--- !u!1001 &5019965139131546068
PrefabInstance:
  m_ObjectHideFlags: 0
  serializedVersion: 2
  m_Modification:
    m_TransformParent: {fileID: 6961662585134809676}
    m_Modifications:
    - target: {fileID: 1702258682494781228, guid: cf364b7dac6e4804dbcf9dcd03f39193,
        type: 3}
      propertyPath: m_counterUpgrade
      value: 2
      objectReference: {fileID: 0}
    - target: {fileID: 1702258682494781228, guid: cf364b7dac6e4804dbcf9dcd03f39193,
        type: 3}
      propertyPath: pieChartPartType
      value: 3
      objectReference: {fileID: 0}
    - target: {fileID: 3657655935757711224, guid: cf364b7dac6e4804dbcf9dcd03f39193,
        type: 3}
      propertyPath: m_AnchoredPosition.x
      value: 0.022
      objectReference: {fileID: 0}
    - target: {fileID: 3657655935757711224, guid: cf364b7dac6e4804dbcf9dcd03f39193,
        type: 3}
      propertyPath: m_AnchoredPosition.y
      value: 0.023
      objectReference: {fileID: 0}
    - target: {fileID: 3833394123290583109, guid: cf364b7dac6e4804dbcf9dcd03f39193,
        type: 3}
      propertyPath: m_LocalRotation.w
      value: 0.7132505
      objectReference: {fileID: 0}
    - target: {fileID: 3833394123290583109, guid: cf364b7dac6e4804dbcf9dcd03f39193,
        type: 3}
      propertyPath: m_LocalRotation.z
      value: -0.70090926
      objectReference: {fileID: 0}
    - target: {fileID: 3833394123290583109, guid: cf364b7dac6e4804dbcf9dcd03f39193,
        type: 3}
      propertyPath: m_LocalEulerAnglesHint.z
      value: -89
      objectReference: {fileID: 0}
    - target: {fileID: 4865962382455092573, guid: cf364b7dac6e4804dbcf9dcd03f39193,
        type: 3}
      propertyPath: m_Materials.Array.size
      value: 1
      objectReference: {fileID: 0}
    - target: {fileID: 4865962382455092573, guid: cf364b7dac6e4804dbcf9dcd03f39193,
        type: 3}
      propertyPath: m_Materials.Array.data[1]
      value: 
      objectReference: {fileID: 2100000, guid: b5f1a79249fa0694fad2fb31c8c62eae, type: 2}
    - target: {fileID: 5775966091114205633, guid: cf364b7dac6e4804dbcf9dcd03f39193,
        type: 3}
      propertyPath: m_LocalPosition.x
      value: 0.01
      objectReference: {fileID: 0}
    - target: {fileID: 5775966091114205633, guid: cf364b7dac6e4804dbcf9dcd03f39193,
        type: 3}
      propertyPath: m_LocalPosition.y
      value: -0.01
      objectReference: {fileID: 0}
    - target: {fileID: 5775966091114205633, guid: cf364b7dac6e4804dbcf9dcd03f39193,
        type: 3}
      propertyPath: m_LocalPosition.z
      value: 0.01
      objectReference: {fileID: 0}
    - target: {fileID: 6145871109776254928, guid: cf364b7dac6e4804dbcf9dcd03f39193,
        type: 3}
      propertyPath: m_RootOrder
      value: 0
      objectReference: {fileID: 0}
    - target: {fileID: 6145871109776254928, guid: cf364b7dac6e4804dbcf9dcd03f39193,
        type: 3}
      propertyPath: m_LocalScale.x
      value: 1
      objectReference: {fileID: 0}
    - target: {fileID: 6145871109776254928, guid: cf364b7dac6e4804dbcf9dcd03f39193,
        type: 3}
      propertyPath: m_LocalScale.y
      value: 1
      objectReference: {fileID: 0}
    - target: {fileID: 6145871109776254928, guid: cf364b7dac6e4804dbcf9dcd03f39193,
        type: 3}
      propertyPath: m_LocalScale.z
      value: 1
      objectReference: {fileID: 0}
    - target: {fileID: 6145871109776254928, guid: cf364b7dac6e4804dbcf9dcd03f39193,
        type: 3}
      propertyPath: m_LocalPosition.x
      value: 0.15
      objectReference: {fileID: 0}
    - target: {fileID: 6145871109776254928, guid: cf364b7dac6e4804dbcf9dcd03f39193,
        type: 3}
      propertyPath: m_LocalPosition.y
      value: 0.15
      objectReference: {fileID: 0}
    - target: {fileID: 6145871109776254928, guid: cf364b7dac6e4804dbcf9dcd03f39193,
        type: 3}
      propertyPath: m_LocalPosition.z
      value: 0
      objectReference: {fileID: 0}
    - target: {fileID: 6145871109776254928, guid: cf364b7dac6e4804dbcf9dcd03f39193,
        type: 3}
      propertyPath: m_LocalRotation.w
      value: 1
      objectReference: {fileID: 0}
    - target: {fileID: 6145871109776254928, guid: cf364b7dac6e4804dbcf9dcd03f39193,
        type: 3}
      propertyPath: m_LocalRotation.x
      value: 0
      objectReference: {fileID: 0}
    - target: {fileID: 6145871109776254928, guid: cf364b7dac6e4804dbcf9dcd03f39193,
        type: 3}
      propertyPath: m_LocalRotation.y
      value: 0
      objectReference: {fileID: 0}
    - target: {fileID: 6145871109776254928, guid: cf364b7dac6e4804dbcf9dcd03f39193,
        type: 3}
      propertyPath: m_LocalRotation.z
      value: 0
      objectReference: {fileID: 0}
    - target: {fileID: 6145871109776254928, guid: cf364b7dac6e4804dbcf9dcd03f39193,
        type: 3}
      propertyPath: m_LocalEulerAnglesHint.x
      value: 0
      objectReference: {fileID: 0}
    - target: {fileID: 6145871109776254928, guid: cf364b7dac6e4804dbcf9dcd03f39193,
        type: 3}
      propertyPath: m_LocalEulerAnglesHint.y
      value: 0
      objectReference: {fileID: 0}
    - target: {fileID: 6145871109776254928, guid: cf364b7dac6e4804dbcf9dcd03f39193,
        type: 3}
      propertyPath: m_LocalEulerAnglesHint.z
      value: 0
      objectReference: {fileID: 0}
    - target: {fileID: 6420849661809830532, guid: cf364b7dac6e4804dbcf9dcd03f39193,
        type: 3}
      propertyPath: m_LocalRotation.w
      value: 0
      objectReference: {fileID: 0}
    - target: {fileID: 6420849661809830532, guid: cf364b7dac6e4804dbcf9dcd03f39193,
        type: 3}
      propertyPath: m_LocalRotation.x
      value: 0
      objectReference: {fileID: 0}
    - target: {fileID: 6420849661809830532, guid: cf364b7dac6e4804dbcf9dcd03f39193,
        type: 3}
      propertyPath: m_LocalRotation.z
      value: 1
      objectReference: {fileID: 0}
    - target: {fileID: 6420849661809830532, guid: cf364b7dac6e4804dbcf9dcd03f39193,
        type: 3}
      propertyPath: m_LocalEulerAnglesHint.z
      value: 180
      objectReference: {fileID: 0}
    - target: {fileID: 7763664820509634572, guid: cf364b7dac6e4804dbcf9dcd03f39193,
        type: 3}
      propertyPath: m_Name
      value: BasePieChartPart
      objectReference: {fileID: 0}
    m_RemovedComponents: []
  m_SourcePrefab: {fileID: 100100000, guid: cf364b7dac6e4804dbcf9dcd03f39193, type: 3}
--- !u!114 &5923883820090310392 stripped
MonoBehaviour:
  m_CorrespondingSourceObject: {fileID: 1702258682494781228, guid: cf364b7dac6e4804dbcf9dcd03f39193,
    type: 3}
  m_PrefabInstance: {fileID: 5019965139131546068}
  m_PrefabAsset: {fileID: 0}
  m_GameObject: {fileID: 0}
  m_Enabled: 1
  m_EditorHideFlags: 0
  m_Script: {fileID: 11500000, guid: 330fefdb101b11a41b5535c5a08cef74, type: 3}
  m_Name: 
  m_EditorClassIdentifier: 
--- !u!1001 &6252618223493532546
PrefabInstance:
  m_ObjectHideFlags: 0
  serializedVersion: 2
  m_Modification:
    m_TransformParent: {fileID: 6961662585134809676}
    m_Modifications:
    - target: {fileID: 1702258682494781228, guid: cf364b7dac6e4804dbcf9dcd03f39193,
        type: 3}
      propertyPath: m_counterUpgrade
      value: 2
      objectReference: {fileID: 0}
    - target: {fileID: 1702258682494781228, guid: cf364b7dac6e4804dbcf9dcd03f39193,
        type: 3}
      propertyPath: pieChartPartType
      value: 4
      objectReference: {fileID: 0}
    - target: {fileID: 3657655935757711224, guid: cf364b7dac6e4804dbcf9dcd03f39193,
        type: 3}
      propertyPath: m_LocalRotation.w
      value: 0.36325133
      objectReference: {fileID: 0}
    - target: {fileID: 3657655935757711224, guid: cf364b7dac6e4804dbcf9dcd03f39193,
        type: 3}
      propertyPath: m_LocalRotation.x
      value: 0
      objectReference: {fileID: 0}
    - target: {fileID: 3657655935757711224, guid: cf364b7dac6e4804dbcf9dcd03f39193,
        type: 3}
      propertyPath: m_LocalRotation.y
      value: 0
      objectReference: {fileID: 0}
    - target: {fileID: 3657655935757711224, guid: cf364b7dac6e4804dbcf9dcd03f39193,
        type: 3}
      propertyPath: m_LocalRotation.z
      value: 0.9316912
      objectReference: {fileID: 0}
    - target: {fileID: 3657655935757711224, guid: cf364b7dac6e4804dbcf9dcd03f39193,
        type: 3}
      propertyPath: m_AnchoredPosition.x
      value: 0.025
      objectReference: {fileID: 0}
    - target: {fileID: 3657655935757711224, guid: cf364b7dac6e4804dbcf9dcd03f39193,
        type: 3}
      propertyPath: m_AnchoredPosition.y
      value: 0.027
      objectReference: {fileID: 0}
    - target: {fileID: 3657655935757711224, guid: cf364b7dac6e4804dbcf9dcd03f39193,
        type: 3}
      propertyPath: m_LocalEulerAnglesHint.z
      value: 137.4
      objectReference: {fileID: 0}
    - target: {fileID: 3833394123290583109, guid: cf364b7dac6e4804dbcf9dcd03f39193,
        type: 3}
      propertyPath: m_LocalRotation.w
      value: 1
      objectReference: {fileID: 0}
    - target: {fileID: 3833394123290583109, guid: cf364b7dac6e4804dbcf9dcd03f39193,
        type: 3}
      propertyPath: m_LocalRotation.z
      value: 0
      objectReference: {fileID: 0}
    - target: {fileID: 3833394123290583109, guid: cf364b7dac6e4804dbcf9dcd03f39193,
        type: 3}
      propertyPath: m_LocalEulerAnglesHint.z
      value: 0
      objectReference: {fileID: 0}
    - target: {fileID: 4274275864354434790, guid: cf364b7dac6e4804dbcf9dcd03f39193,
        type: 3}
      propertyPath: m_LocalRotation.w
      value: 1
      objectReference: {fileID: 0}
    - target: {fileID: 4865962382455092573, guid: cf364b7dac6e4804dbcf9dcd03f39193,
        type: 3}
      propertyPath: m_Materials.Array.size
      value: 1
      objectReference: {fileID: 0}
    - target: {fileID: 4865962382455092573, guid: cf364b7dac6e4804dbcf9dcd03f39193,
        type: 3}
      propertyPath: m_Materials.Array.data[0]
      value: 
      objectReference: {fileID: 2100000, guid: d176270c4b366bd488c75c398341cec6, type: 2}
    - target: {fileID: 4865962382455092573, guid: cf364b7dac6e4804dbcf9dcd03f39193,
        type: 3}
      propertyPath: m_Materials.Array.data[1]
      value: 
      objectReference: {fileID: 2100000, guid: b5f1a79249fa0694fad2fb31c8c62eae, type: 2}
    - target: {fileID: 5775966091114205633, guid: cf364b7dac6e4804dbcf9dcd03f39193,
        type: 3}
      propertyPath: m_LocalPosition.x
      value: -0.01
      objectReference: {fileID: 0}
    - target: {fileID: 5775966091114205633, guid: cf364b7dac6e4804dbcf9dcd03f39193,
        type: 3}
      propertyPath: m_LocalPosition.y
      value: 0
      objectReference: {fileID: 0}
    - target: {fileID: 5775966091114205633, guid: cf364b7dac6e4804dbcf9dcd03f39193,
        type: 3}
      propertyPath: m_LocalPosition.z
      value: 0.01
      objectReference: {fileID: 0}
    - target: {fileID: 5775966091114205633, guid: cf364b7dac6e4804dbcf9dcd03f39193,
        type: 3}
      propertyPath: m_LocalRotation.w
      value: 1
      objectReference: {fileID: 0}
    - target: {fileID: 6145871109776254928, guid: cf364b7dac6e4804dbcf9dcd03f39193,
        type: 3}
      propertyPath: m_RootOrder
      value: 1
      objectReference: {fileID: 0}
    - target: {fileID: 6145871109776254928, guid: cf364b7dac6e4804dbcf9dcd03f39193,
        type: 3}
      propertyPath: m_LocalScale.x
      value: 1
      objectReference: {fileID: 0}
    - target: {fileID: 6145871109776254928, guid: cf364b7dac6e4804dbcf9dcd03f39193,
        type: 3}
      propertyPath: m_LocalScale.y
      value: 1
      objectReference: {fileID: 0}
    - target: {fileID: 6145871109776254928, guid: cf364b7dac6e4804dbcf9dcd03f39193,
        type: 3}
      propertyPath: m_LocalScale.z
      value: 1
      objectReference: {fileID: 0}
    - target: {fileID: 6145871109776254928, guid: cf364b7dac6e4804dbcf9dcd03f39193,
        type: 3}
      propertyPath: m_LocalPosition.x
      value: 0.15
      objectReference: {fileID: 0}
    - target: {fileID: 6145871109776254928, guid: cf364b7dac6e4804dbcf9dcd03f39193,
        type: 3}
      propertyPath: m_LocalPosition.y
      value: -0.15
      objectReference: {fileID: 0}
    - target: {fileID: 6145871109776254928, guid: cf364b7dac6e4804dbcf9dcd03f39193,
        type: 3}
      propertyPath: m_LocalPosition.z
      value: 0
      objectReference: {fileID: 0}
    - target: {fileID: 6145871109776254928, guid: cf364b7dac6e4804dbcf9dcd03f39193,
        type: 3}
      propertyPath: m_LocalRotation.w
      value: 0.7071068
      objectReference: {fileID: 0}
    - target: {fileID: 6145871109776254928, guid: cf364b7dac6e4804dbcf9dcd03f39193,
        type: 3}
      propertyPath: m_LocalRotation.x
      value: 0
      objectReference: {fileID: 0}
    - target: {fileID: 6145871109776254928, guid: cf364b7dac6e4804dbcf9dcd03f39193,
        type: 3}
      propertyPath: m_LocalRotation.y
      value: 0
      objectReference: {fileID: 0}
    - target: {fileID: 6145871109776254928, guid: cf364b7dac6e4804dbcf9dcd03f39193,
        type: 3}
      propertyPath: m_LocalRotation.z
      value: -0.7071068
      objectReference: {fileID: 0}
    - target: {fileID: 6145871109776254928, guid: cf364b7dac6e4804dbcf9dcd03f39193,
        type: 3}
      propertyPath: m_LocalEulerAnglesHint.x
      value: 0
      objectReference: {fileID: 0}
    - target: {fileID: 6145871109776254928, guid: cf364b7dac6e4804dbcf9dcd03f39193,
        type: 3}
      propertyPath: m_LocalEulerAnglesHint.y
      value: 0
      objectReference: {fileID: 0}
    - target: {fileID: 6145871109776254928, guid: cf364b7dac6e4804dbcf9dcd03f39193,
        type: 3}
      propertyPath: m_LocalEulerAnglesHint.z
      value: -90
      objectReference: {fileID: 0}
    - target: {fileID: 6420849661809830532, guid: cf364b7dac6e4804dbcf9dcd03f39193,
        type: 3}
      propertyPath: m_LocalRotation.w
      value: -0.008726464
      objectReference: {fileID: 0}
    - target: {fileID: 6420849661809830532, guid: cf364b7dac6e4804dbcf9dcd03f39193,
        type: 3}
      propertyPath: m_LocalRotation.x
      value: 0
      objectReference: {fileID: 0}
    - target: {fileID: 6420849661809830532, guid: cf364b7dac6e4804dbcf9dcd03f39193,
        type: 3}
      propertyPath: m_LocalRotation.y
      value: -0
      objectReference: {fileID: 0}
    - target: {fileID: 6420849661809830532, guid: cf364b7dac6e4804dbcf9dcd03f39193,
        type: 3}
      propertyPath: m_LocalRotation.z
      value: 0.9999619
      objectReference: {fileID: 0}
    - target: {fileID: 6420849661809830532, guid: cf364b7dac6e4804dbcf9dcd03f39193,
        type: 3}
      propertyPath: m_LocalEulerAnglesHint.z
      value: 181
      objectReference: {fileID: 0}
    - target: {fileID: 6677644750271662501, guid: cf364b7dac6e4804dbcf9dcd03f39193,
        type: 3}
      propertyPath: m_Mesh
      value: 
      objectReference: {fileID: 16028057743780300, guid: 860c939e81664a846a77465ef642f67c,
        type: 3}
    - target: {fileID: 7763664820509634572, guid: cf364b7dac6e4804dbcf9dcd03f39193,
        type: 3}
      propertyPath: m_Name
      value: BasePieChartPart (1)
      objectReference: {fileID: 0}
    m_RemovedComponents: []
  m_SourcePrefab: {fileID: 100100000, guid: cf364b7dac6e4804dbcf9dcd03f39193, type: 3}
--- !u!114 &4709182350676348078 stripped
MonoBehaviour:
  m_CorrespondingSourceObject: {fileID: 1702258682494781228, guid: cf364b7dac6e4804dbcf9dcd03f39193,
    type: 3}
  m_PrefabInstance: {fileID: 6252618223493532546}
  m_PrefabAsset: {fileID: 0}
  m_GameObject: {fileID: 0}
  m_Enabled: 1
  m_EditorHideFlags: 0
  m_Script: {fileID: 11500000, guid: 330fefdb101b11a41b5535c5a08cef74, type: 3}
  m_Name: 
  m_EditorClassIdentifier: 
--- !u!1001 &7581524310686491098
PrefabInstance:
  m_ObjectHideFlags: 0
  serializedVersion: 2
  m_Modification:
    m_TransformParent: {fileID: 6961662585134809676}
    m_Modifications:
    - target: {fileID: 1702258682494781228, guid: cf364b7dac6e4804dbcf9dcd03f39193,
        type: 3}
      propertyPath: pieChartPartType
      value: 0
      objectReference: {fileID: 0}
    - target: {fileID: 3657655935757711224, guid: cf364b7dac6e4804dbcf9dcd03f39193,
        type: 3}
      propertyPath: m_LocalRotation.w
      value: 0
      objectReference: {fileID: 0}
    - target: {fileID: 3657655935757711224, guid: cf364b7dac6e4804dbcf9dcd03f39193,
        type: 3}
      propertyPath: m_LocalRotation.x
      value: 0
      objectReference: {fileID: 0}
    - target: {fileID: 3657655935757711224, guid: cf364b7dac6e4804dbcf9dcd03f39193,
        type: 3}
      propertyPath: m_LocalRotation.y
      value: 0
      objectReference: {fileID: 0}
    - target: {fileID: 3657655935757711224, guid: cf364b7dac6e4804dbcf9dcd03f39193,
        type: 3}
      propertyPath: m_LocalRotation.z
      value: 1
      objectReference: {fileID: 0}
    - target: {fileID: 3657655935757711224, guid: cf364b7dac6e4804dbcf9dcd03f39193,
        type: 3}
      propertyPath: m_AnchoredPosition.x
      value: 0
      objectReference: {fileID: 0}
    - target: {fileID: 3657655935757711224, guid: cf364b7dac6e4804dbcf9dcd03f39193,
        type: 3}
      propertyPath: m_AnchoredPosition.y
      value: 0.089
      objectReference: {fileID: 0}
    - target: {fileID: 3657655935757711224, guid: cf364b7dac6e4804dbcf9dcd03f39193,
        type: 3}
      propertyPath: m_LocalEulerAnglesHint.z
      value: 180
      objectReference: {fileID: 0}
    - target: {fileID: 3833394123290583109, guid: cf364b7dac6e4804dbcf9dcd03f39193,
        type: 3}
      propertyPath: m_LocalRotation.w
      value: 0.7071068
      objectReference: {fileID: 0}
    - target: {fileID: 3833394123290583109, guid: cf364b7dac6e4804dbcf9dcd03f39193,
        type: 3}
      propertyPath: m_LocalRotation.z
      value: -0.7071068
      objectReference: {fileID: 0}
    - target: {fileID: 3833394123290583109, guid: cf364b7dac6e4804dbcf9dcd03f39193,
        type: 3}
      propertyPath: m_LocalEulerAnglesHint.z
      value: -90
      objectReference: {fileID: 0}
    - target: {fileID: 4865962382455092573, guid: cf364b7dac6e4804dbcf9dcd03f39193,
        type: 3}
      propertyPath: m_Materials.Array.size
      value: 1
      objectReference: {fileID: 0}
    - target: {fileID: 4865962382455092573, guid: cf364b7dac6e4804dbcf9dcd03f39193,
        type: 3}
      propertyPath: m_Materials.Array.data[0]
      value: 
      objectReference: {fileID: 2100000, guid: 0f7630f9e765e5b419287638a6640a9a, type: 2}
    - target: {fileID: 4865962382455092573, guid: cf364b7dac6e4804dbcf9dcd03f39193,
        type: 3}
      propertyPath: m_Materials.Array.data[1]
      value: 
      objectReference: {fileID: 2100000, guid: b5f1a79249fa0694fad2fb31c8c62eae, type: 2}
    - target: {fileID: 5775966091114205633, guid: cf364b7dac6e4804dbcf9dcd03f39193,
        type: 3}
      propertyPath: m_LocalPosition.x
      value: 0.01
      objectReference: {fileID: 0}
    - target: {fileID: 5775966091114205633, guid: cf364b7dac6e4804dbcf9dcd03f39193,
        type: 3}
      propertyPath: m_LocalPosition.y
      value: 0.01
      objectReference: {fileID: 0}
    - target: {fileID: 5775966091114205633, guid: cf364b7dac6e4804dbcf9dcd03f39193,
        type: 3}
      propertyPath: m_LocalPosition.z
      value: 0.01
      objectReference: {fileID: 0}
    - target: {fileID: 6145871109776254928, guid: cf364b7dac6e4804dbcf9dcd03f39193,
        type: 3}
      propertyPath: m_RootOrder
      value: 2
      objectReference: {fileID: 0}
    - target: {fileID: 6145871109776254928, guid: cf364b7dac6e4804dbcf9dcd03f39193,
        type: 3}
      propertyPath: m_LocalScale.x
      value: 1
      objectReference: {fileID: 0}
    - target: {fileID: 6145871109776254928, guid: cf364b7dac6e4804dbcf9dcd03f39193,
        type: 3}
      propertyPath: m_LocalScale.y
      value: 1
      objectReference: {fileID: 0}
    - target: {fileID: 6145871109776254928, guid: cf364b7dac6e4804dbcf9dcd03f39193,
        type: 3}
      propertyPath: m_LocalScale.z
      value: 1
      objectReference: {fileID: 0}
    - target: {fileID: 6145871109776254928, guid: cf364b7dac6e4804dbcf9dcd03f39193,
        type: 3}
      propertyPath: m_LocalPosition.x
      value: -0.15
      objectReference: {fileID: 0}
    - target: {fileID: 6145871109776254928, guid: cf364b7dac6e4804dbcf9dcd03f39193,
        type: 3}
      propertyPath: m_LocalPosition.y
      value: 0
      objectReference: {fileID: 0}
    - target: {fileID: 6145871109776254928, guid: cf364b7dac6e4804dbcf9dcd03f39193,
        type: 3}
      propertyPath: m_LocalPosition.z
      value: 0
      objectReference: {fileID: 0}
    - target: {fileID: 6145871109776254928, guid: cf364b7dac6e4804dbcf9dcd03f39193,
        type: 3}
      propertyPath: m_LocalRotation.w
      value: 0.7071068
      objectReference: {fileID: 0}
    - target: {fileID: 6145871109776254928, guid: cf364b7dac6e4804dbcf9dcd03f39193,
        type: 3}
      propertyPath: m_LocalRotation.x
      value: 0
      objectReference: {fileID: 0}
    - target: {fileID: 6145871109776254928, guid: cf364b7dac6e4804dbcf9dcd03f39193,
        type: 3}
      propertyPath: m_LocalRotation.y
      value: 0
      objectReference: {fileID: 0}
    - target: {fileID: 6145871109776254928, guid: cf364b7dac6e4804dbcf9dcd03f39193,
        type: 3}
      propertyPath: m_LocalRotation.z
      value: 0.7071068
      objectReference: {fileID: 0}
    - target: {fileID: 6145871109776254928, guid: cf364b7dac6e4804dbcf9dcd03f39193,
        type: 3}
      propertyPath: m_LocalEulerAnglesHint.x
      value: 0
      objectReference: {fileID: 0}
    - target: {fileID: 6145871109776254928, guid: cf364b7dac6e4804dbcf9dcd03f39193,
        type: 3}
      propertyPath: m_LocalEulerAnglesHint.y
      value: 0
      objectReference: {fileID: 0}
    - target: {fileID: 6145871109776254928, guid: cf364b7dac6e4804dbcf9dcd03f39193,
        type: 3}
      propertyPath: m_LocalEulerAnglesHint.z
      value: 90
      objectReference: {fileID: 0}
    - target: {fileID: 6420849661809830532, guid: cf364b7dac6e4804dbcf9dcd03f39193,
        type: 3}
      propertyPath: m_LocalRotation.w
      value: 0.999962
      objectReference: {fileID: 0}
    - target: {fileID: 6420849661809830532, guid: cf364b7dac6e4804dbcf9dcd03f39193,
        type: 3}
      propertyPath: m_LocalRotation.x
      value: 0
      objectReference: {fileID: 0}
    - target: {fileID: 6420849661809830532, guid: cf364b7dac6e4804dbcf9dcd03f39193,
        type: 3}
      propertyPath: m_LocalRotation.y
      value: 0
      objectReference: {fileID: 0}
    - target: {fileID: 6420849661809830532, guid: cf364b7dac6e4804dbcf9dcd03f39193,
        type: 3}
      propertyPath: m_LocalRotation.z
      value: 0.008726558
      objectReference: {fileID: 0}
    - target: {fileID: 6420849661809830532, guid: cf364b7dac6e4804dbcf9dcd03f39193,
        type: 3}
      propertyPath: m_LocalEulerAnglesHint.z
      value: 1
      objectReference: {fileID: 0}
    - target: {fileID: 6677644750271662501, guid: cf364b7dac6e4804dbcf9dcd03f39193,
        type: 3}
      propertyPath: m_Mesh
      value: 
      objectReference: {fileID: 3815242306254318793, guid: 0d6ab77e31cda504c8b75a8433fc1c6f,
        type: 3}
    - target: {fileID: 7763664820509634572, guid: cf364b7dac6e4804dbcf9dcd03f39193,
        type: 3}
      propertyPath: m_Name
      value: BasePieChartPart (2)
      objectReference: {fileID: 0}
    m_RemovedComponents: []
  m_SourcePrefab: {fileID: 100100000, guid: cf364b7dac6e4804dbcf9dcd03f39193, type: 3}
--- !u!114 &9126931061322409718 stripped
MonoBehaviour:
  m_CorrespondingSourceObject: {fileID: 1702258682494781228, guid: cf364b7dac6e4804dbcf9dcd03f39193,
    type: 3}
  m_PrefabInstance: {fileID: 7581524310686491098}
  m_PrefabAsset: {fileID: 0}
  m_GameObject: {fileID: 0}
  m_Enabled: 1
  m_EditorHideFlags: 0
  m_Script: {fileID: 11500000, guid: 330fefdb101b11a41b5535c5a08cef74, type: 3}
  m_Name: 
  m_EditorClassIdentifier: 
