%YAML 1.1
%TAG !u! tag:unity3d.com,2011:
--- !u!1 &945127992381658533
GameObject:
  m_ObjectHideFlags: 0
  m_CorrespondingSourceObject: {fileID: 0}
  m_PrefabInstance: {fileID: 0}
  m_PrefabAsset: {fileID: 0}
  serializedVersion: 6
  m_Component:
  - component: {fileID: 945127992381658539}
  - component: {fileID: 44691479265297462}
  - component: {fileID: -2802785790684917013}
  - component: {fileID: 1564257615633381806}
  - component: {fileID: 2711331210697385634}
  - component: {fileID: 3253481111604469403}
  - component: {fileID: 662423021207441646}
  - component: {fileID: 1881890576746507032}
  - component: {fileID: 5007111904669828267}
  m_Layer: 0
  m_Name: FunGamesSdk
  m_TagString: Untagged
  m_Icon: {fileID: 0}
  m_NavMeshLayer: 0
  m_StaticEditorFlags: 0
  m_IsActive: 1
--- !u!4 &945127992381658539
Transform:
  m_ObjectHideFlags: 0
  m_CorrespondingSourceObject: {fileID: 0}
  m_PrefabInstance: {fileID: 0}
  m_PrefabAsset: {fileID: 0}
  m_GameObject: {fileID: 945127992381658533}
  m_LocalRotation: {x: 0, y: 0, z: 0, w: 1}
  m_LocalPosition: {x: 0, y: 0, z: 0}
  m_LocalScale: {x: 1, y: 1, z: 1}
  m_Children: []
  m_Father: {fileID: 0}
  m_RootOrder: 0
  m_LocalEulerAnglesHint: {x: 0, y: 0, z: 0}
--- !u!114 &44691479265297462
MonoBehaviour:
  m_ObjectHideFlags: 0
  m_CorrespondingSourceObject: {fileID: 0}
  m_PrefabInstance: {fileID: 0}
  m_PrefabAsset: {fileID: 0}
  m_GameObject: {fileID: 945127992381658533}
  m_Enabled: 1
  m_EditorHideFlags: 0
  m_Script: {fileID: 11500000, guid: ef4bc63f9d498427da9d1f5128ddd8e0, type: 3}
  m_Name: 
  m_EditorClassIdentifier: 
--- !u!114 &-2802785790684917013
MonoBehaviour:
  m_ObjectHideFlags: 0
  m_CorrespondingSourceObject: {fileID: 0}
  m_PrefabInstance: {fileID: 0}
  m_PrefabAsset: {fileID: 0}
  m_GameObject: {fileID: 945127992381658533}
  m_Enabled: 1
  m_EditorHideFlags: 0
  m_Script: {fileID: 11500000, guid: 601ed658a2710450ca32d9d99e1e090e, type: 3}
  m_Name: 
  m_EditorClassIdentifier: 
--- !u!114 &1564257615633381806
MonoBehaviour:
  m_ObjectHideFlags: 0
  m_CorrespondingSourceObject: {fileID: 0}
  m_PrefabInstance: {fileID: 0}
  m_PrefabAsset: {fileID: 0}
  m_GameObject: {fileID: 945127992381658533}
  m_Enabled: 1
  m_EditorHideFlags: 0
  m_Script: {fileID: 11500000, guid: 68d1d5bea99ac4267a0f1efb6eb9c259, type: 3}
  m_Name: 
  m_EditorClassIdentifier: 
--- !u!114 &2711331210697385634
MonoBehaviour:
  m_ObjectHideFlags: 0
  m_CorrespondingSourceObject: {fileID: 0}
  m_PrefabInstance: {fileID: 0}
  m_PrefabAsset: {fileID: 0}
  m_GameObject: {fileID: 945127992381658533}
  m_Enabled: 1
  m_EditorHideFlags: 0
  m_Script: {fileID: 11500000, guid: a0c1513c80fd74874aaaad1e64fbd54b, type: 3}
  m_Name: 
  m_EditorClassIdentifier: 
--- !u!114 &3253481111604469403
MonoBehaviour:
  m_ObjectHideFlags: 0
  m_CorrespondingSourceObject: {fileID: 0}
  m_PrefabInstance: {fileID: 0}
  m_PrefabAsset: {fileID: 0}
  m_GameObject: {fileID: 945127992381658533}
  m_Enabled: 1
  m_EditorHideFlags: 0
  m_Script: {fileID: 11500000, guid: 835bbfab6ebc54e7bb866e7a43cb0107, type: 3}
  m_Name: 
  m_EditorClassIdentifier: 
--- !u!114 &662423021207441646
MonoBehaviour:
  m_ObjectHideFlags: 0
  m_CorrespondingSourceObject: {fileID: 0}
  m_PrefabInstance: {fileID: 0}
  m_PrefabAsset: {fileID: 0}
  m_GameObject: {fileID: 945127992381658533}
  m_Enabled: 1
  m_EditorHideFlags: 0
  m_Script: {fileID: 11500000, guid: 514f2a69330fa4620895b781f07cc803, type: 3}
  m_Name: 
  m_EditorClassIdentifier: 
--- !u!114 &1881890576746507032
MonoBehaviour:
  m_ObjectHideFlags: 0
  m_CorrespondingSourceObject: {fileID: 0}
  m_PrefabInstance: {fileID: 0}
  m_PrefabAsset: {fileID: 0}
  m_GameObject: {fileID: 945127992381658533}
  m_Enabled: 1
  m_EditorHideFlags: 0
  m_Script: {fileID: 11500000, guid: abbd6d24c3e1d4f149ee6b36c8cf538b, type: 3}
  m_Name: 
  m_EditorClassIdentifier: 
--- !u!114 &5007111904669828267
MonoBehaviour:
  m_ObjectHideFlags: 0
  m_CorrespondingSourceObject: {fileID: 0}
  m_PrefabInstance: {fileID: 0}
  m_PrefabAsset: {fileID: 0}
  m_GameObject: {fileID: 945127992381658533}
  m_Enabled: 1
  m_EditorHideFlags: 0
  m_Script: {fileID: 11500000, guid: 2835d654eaec34db09e9689567872c8f, type: 3}
  m_Name: 
  m_EditorClassIdentifier: 
