%YAML 1.1
%TAG !u! tag:unity3d.com,2011:
--- !u!1 &392849787484747773
GameObject:
  m_ObjectHideFlags: 0
  m_CorrespondingSourceObject: {fileID: 0}
  m_PrefabInstance: {fileID: 0}
  m_PrefabAsset: {fileID: 0}
  serializedVersion: 6
  m_Component:
  - component: {fileID: 2450192887221611925}
  m_Layer: 0
  m_Name: Center
  m_TagString: Untagged
  m_Icon: {fileID: 0}
  m_NavMeshLayer: 0
  m_StaticEditorFlags: 0
  m_IsActive: 1
--- !u!4 &2450192887221611925
Transform:
  m_ObjectHideFlags: 0
  m_CorrespondingSourceObject: {fileID: 0}
  m_PrefabInstance: {fileID: 0}
  m_PrefabAsset: {fileID: 0}
  m_GameObject: {fileID: 392849787484747773}
  m_LocalRotation: {x: -0, y: -0, z: -0, w: 1}
  m_LocalPosition: {x: 0, y: 0, z: 0}
  m_LocalScale: {x: 1, y: 1, z: 1}
  m_Children: []
  m_Father: {fileID: 6961662586827646327}
  m_RootOrder: 1
  m_LocalEulerAnglesHint: {x: 0, y: 0, z: 0}
--- !u!1001 &2383349855790254135
PrefabInstance:
  m_ObjectHideFlags: 0
  serializedVersion: 2
  m_Modification:
    m_TransformParent: {fileID: 6961662585134809676}
    m_Modifications:
    - target: {fileID: 1702258682494781228, guid: cf364b7dac6e4804dbcf9dcd03f39193,
        type: 3}
      propertyPath: m_counterUpgrade
      value: 5
      objectReference: {fileID: 0}
    - target: {fileID: 1702258682494781228, guid: cf364b7dac6e4804dbcf9dcd03f39193,
        type: 3}
      propertyPath: pieChartPartType
      value: 0
      objectReference: {fileID: 0}
    - target: {fileID: 3657655935757711224, guid: cf364b7dac6e4804dbcf9dcd03f39193,
        type: 3}
      propertyPath: m_LocalRotation.w
      value: -0.5343523
      objectReference: {fileID: 0}
    - target: {fileID: 3657655935757711224, guid: cf364b7dac6e4804dbcf9dcd03f39193,
        type: 3}
      propertyPath: m_LocalRotation.y
      value: 0
      objectReference: {fileID: 0}
    - target: {fileID: 3657655935757711224, guid: cf364b7dac6e4804dbcf9dcd03f39193,
        type: 3}
      propertyPath: m_LocalRotation.z
      value: -0.8452619
      objectReference: {fileID: 0}
    - target: {fileID: 3657655935757711224, guid: cf364b7dac6e4804dbcf9dcd03f39193,
        type: 3}
      propertyPath: m_AnchoredPosition.x
      value: 0.0783
      objectReference: {fileID: 0}
    - target: {fileID: 3657655935757711224, guid: cf364b7dac6e4804dbcf9dcd03f39193,
        type: 3}
      propertyPath: m_AnchoredPosition.y
      value: -0.0135
      objectReference: {fileID: 0}
    - target: {fileID: 3657655935757711224, guid: cf364b7dac6e4804dbcf9dcd03f39193,
        type: 3}
      propertyPath: m_LocalEulerAnglesHint.z
      value: -244.6
      objectReference: {fileID: 0}
    - target: {fileID: 3833394123290583109, guid: cf364b7dac6e4804dbcf9dcd03f39193,
        type: 3}
      propertyPath: m_LocalRotation.w
      value: 0.7132505
      objectReference: {fileID: 0}
    - target: {fileID: 3833394123290583109, guid: cf364b7dac6e4804dbcf9dcd03f39193,
        type: 3}
      propertyPath: m_LocalRotation.z
      value: -0.70090926
      objectReference: {fileID: 0}
    - target: {fileID: 3833394123290583109, guid: cf364b7dac6e4804dbcf9dcd03f39193,
        type: 3}
      propertyPath: m_LocalEulerAnglesHint.z
      value: -89
      objectReference: {fileID: 0}
    - target: {fileID: 4865962382455092573, guid: cf364b7dac6e4804dbcf9dcd03f39193,
        type: 3}
      propertyPath: m_Materials.Array.size
      value: 1
      objectReference: {fileID: 0}
    - target: {fileID: 4865962382455092573, guid: cf364b7dac6e4804dbcf9dcd03f39193,
        type: 3}
      propertyPath: m_Materials.Array.data[1]
      value: 
      objectReference: {fileID: 2100000, guid: b5f1a79249fa0694fad2fb31c8c62eae, type: 2}
    - target: {fileID: 5775966091114205633, guid: cf364b7dac6e4804dbcf9dcd03f39193,
        type: 3}
      propertyPath: m_LocalPosition.x
      value: 0.01
      objectReference: {fileID: 0}
    - target: {fileID: 5775966091114205633, guid: cf364b7dac6e4804dbcf9dcd03f39193,
        type: 3}
      propertyPath: m_LocalPosition.y
      value: -0.01
      objectReference: {fileID: 0}
    - target: {fileID: 5775966091114205633, guid: cf364b7dac6e4804dbcf9dcd03f39193,
        type: 3}
      propertyPath: m_LocalPosition.z
      value: 0.01
      objectReference: {fileID: 0}
    - target: {fileID: 6145871109776254928, guid: cf364b7dac6e4804dbcf9dcd03f39193,
        type: 3}
      propertyPath: m_RootOrder
      value: 2
      objectReference: {fileID: 0}
    - target: {fileID: 6145871109776254928, guid: cf364b7dac6e4804dbcf9dcd03f39193,
        type: 3}
      propertyPath: m_LocalScale.x
      value: 1
      objectReference: {fileID: 0}
    - target: {fileID: 6145871109776254928, guid: cf364b7dac6e4804dbcf9dcd03f39193,
        type: 3}
      propertyPath: m_LocalScale.y
      value: 1
      objectReference: {fileID: 0}
    - target: {fileID: 6145871109776254928, guid: cf364b7dac6e4804dbcf9dcd03f39193,
        type: 3}
      propertyPath: m_LocalScale.z
      value: 1
      objectReference: {fileID: 0}
    - target: {fileID: 6145871109776254928, guid: cf364b7dac6e4804dbcf9dcd03f39193,
        type: 3}
      propertyPath: m_LocalPosition.x
      value: 0.12
      objectReference: {fileID: 0}
    - target: {fileID: 6145871109776254928, guid: cf364b7dac6e4804dbcf9dcd03f39193,
        type: 3}
      propertyPath: m_LocalPosition.y
      value: -0.15
      objectReference: {fileID: 0}
    - target: {fileID: 6145871109776254928, guid: cf364b7dac6e4804dbcf9dcd03f39193,
        type: 3}
      propertyPath: m_LocalPosition.z
      value: -0
      objectReference: {fileID: 0}
    - target: {fileID: 6145871109776254928, guid: cf364b7dac6e4804dbcf9dcd03f39193,
        type: 3}
      propertyPath: m_LocalRotation.w
      value: 0.7071068
      objectReference: {fileID: 0}
    - target: {fileID: 6145871109776254928, guid: cf364b7dac6e4804dbcf9dcd03f39193,
        type: 3}
      propertyPath: m_LocalRotation.x
      value: 0
      objectReference: {fileID: 0}
    - target: {fileID: 6145871109776254928, guid: cf364b7dac6e4804dbcf9dcd03f39193,
        type: 3}
      propertyPath: m_LocalRotation.y
      value: 0
      objectReference: {fileID: 0}
    - target: {fileID: 6145871109776254928, guid: cf364b7dac6e4804dbcf9dcd03f39193,
        type: 3}
      propertyPath: m_LocalRotation.z
      value: -0.7071068
      objectReference: {fileID: 0}
    - target: {fileID: 6145871109776254928, guid: cf364b7dac6e4804dbcf9dcd03f39193,
        type: 3}
      propertyPath: m_LocalEulerAnglesHint.x
      value: 0
      objectReference: {fileID: 0}
    - target: {fileID: 6145871109776254928, guid: cf364b7dac6e4804dbcf9dcd03f39193,
        type: 3}
      propertyPath: m_LocalEulerAnglesHint.y
      value: 0
      objectReference: {fileID: 0}
    - target: {fileID: 6145871109776254928, guid: cf364b7dac6e4804dbcf9dcd03f39193,
        type: 3}
      propertyPath: m_LocalEulerAnglesHint.z
      value: -90
      objectReference: {fileID: 0}
    - target: {fileID: 6420849661809830532, guid: cf364b7dac6e4804dbcf9dcd03f39193,
        type: 3}
      propertyPath: m_LocalRotation.w
      value: 0
      objectReference: {fileID: 0}
    - target: {fileID: 6420849661809830532, guid: cf364b7dac6e4804dbcf9dcd03f39193,
        type: 3}
      propertyPath: m_LocalRotation.x
      value: 0
      objectReference: {fileID: 0}
    - target: {fileID: 6420849661809830532, guid: cf364b7dac6e4804dbcf9dcd03f39193,
        type: 3}
      propertyPath: m_LocalRotation.z
      value: 1
      objectReference: {fileID: 0}
    - target: {fileID: 6420849661809830532, guid: cf364b7dac6e4804dbcf9dcd03f39193,
        type: 3}
      propertyPath: m_LocalEulerAnglesHint.z
      value: 180
      objectReference: {fileID: 0}
    - target: {fileID: 6677644750271662501, guid: cf364b7dac6e4804dbcf9dcd03f39193,
        type: 3}
      propertyPath: m_Mesh
      value: 
      objectReference: {fileID: 8433045540174336288, guid: f3de4fcc8ba920b4b95080e79d58b58b,
        type: 3}
    - target: {fileID: 7763664820509634572, guid: cf364b7dac6e4804dbcf9dcd03f39193,
        type: 3}
      propertyPath: m_Name
      value: BasePieChartPart (4)
      objectReference: {fileID: 0}
    m_RemovedComponents: []
  m_SourcePrefab: {fileID: 100100000, guid: cf364b7dac6e4804dbcf9dcd03f39193, type: 3}
--- !u!114 &3930797295128694555 stripped
MonoBehaviour:
  m_CorrespondingSourceObject: {fileID: 1702258682494781228, guid: cf364b7dac6e4804dbcf9dcd03f39193,
    type: 3}
  m_PrefabInstance: {fileID: 2383349855790254135}
  m_PrefabAsset: {fileID: 0}
  m_GameObject: {fileID: 0}
  m_Enabled: 1
  m_EditorHideFlags: 0
  m_Script: {fileID: 11500000, guid: 330fefdb101b11a41b5535c5a08cef74, type: 3}
  m_Name: 
  m_EditorClassIdentifier: 
--- !u!1001 &2709353491856893878
PrefabInstance:
  m_ObjectHideFlags: 0
  serializedVersion: 2
  m_Modification:
    m_TransformParent: {fileID: 6961662585134809676}
    m_Modifications:
    - target: {fileID: 1702258682494781228, guid: cf364b7dac6e4804dbcf9dcd03f39193,
        type: 3}
      propertyPath: m_counterUpgrade
      value: 2
      objectReference: {fileID: 0}
    - target: {fileID: 1702258682494781228, guid: cf364b7dac6e4804dbcf9dcd03f39193,
        type: 3}
      propertyPath: pieChartPartType
      value: 3
      objectReference: {fileID: 0}
    - target: {fileID: 3657655935757711224, guid: cf364b7dac6e4804dbcf9dcd03f39193,
        type: 3}
      propertyPath: m_LocalRotation.w
      value: -0.5764321
      objectReference: {fileID: 0}
    - target: {fileID: 3657655935757711224, guid: cf364b7dac6e4804dbcf9dcd03f39193,
        type: 3}
      propertyPath: m_LocalRotation.y
      value: 0
      objectReference: {fileID: 0}
    - target: {fileID: 3657655935757711224, guid: cf364b7dac6e4804dbcf9dcd03f39193,
        type: 3}
      propertyPath: m_LocalRotation.z
      value: -0.8171451
      objectReference: {fileID: 0}
    - target: {fileID: 3657655935757711224, guid: cf364b7dac6e4804dbcf9dcd03f39193,
        type: 3}
      propertyPath: m_AnchoredPosition.x
      value: 0.091
      objectReference: {fileID: 0}
    - target: {fileID: 3657655935757711224, guid: cf364b7dac6e4804dbcf9dcd03f39193,
        type: 3}
      propertyPath: m_AnchoredPosition.y
      value: -0.009
      objectReference: {fileID: 0}
    - target: {fileID: 3657655935757711224, guid: cf364b7dac6e4804dbcf9dcd03f39193,
        type: 3}
      propertyPath: m_LocalEulerAnglesHint.z
      value: -250.4
      objectReference: {fileID: 0}
    - target: {fileID: 3833394123290583109, guid: cf364b7dac6e4804dbcf9dcd03f39193,
        type: 3}
      propertyPath: m_LocalRotation.w
      value: 0.7132505
      objectReference: {fileID: 0}
    - target: {fileID: 3833394123290583109, guid: cf364b7dac6e4804dbcf9dcd03f39193,
        type: 3}
      propertyPath: m_LocalRotation.z
      value: -0.70090926
      objectReference: {fileID: 0}
    - target: {fileID: 3833394123290583109, guid: cf364b7dac6e4804dbcf9dcd03f39193,
        type: 3}
      propertyPath: m_LocalEulerAnglesHint.z
      value: -89
      objectReference: {fileID: 0}
    - target: {fileID: 4865962382455092573, guid: cf364b7dac6e4804dbcf9dcd03f39193,
        type: 3}
      propertyPath: m_Materials.Array.size
      value: 1
      objectReference: {fileID: 0}
    - target: {fileID: 4865962382455092573, guid: cf364b7dac6e4804dbcf9dcd03f39193,
        type: 3}
      propertyPath: m_Materials.Array.data[1]
      value: 
      objectReference: {fileID: 2100000, guid: b5f1a79249fa0694fad2fb31c8c62eae, type: 2}
    - target: {fileID: 5775966091114205633, guid: cf364b7dac6e4804dbcf9dcd03f39193,
        type: 3}
      propertyPath: m_LocalPosition.x
      value: 0.01
      objectReference: {fileID: 0}
    - target: {fileID: 5775966091114205633, guid: cf364b7dac6e4804dbcf9dcd03f39193,
        type: 3}
      propertyPath: m_LocalPosition.y
      value: -0.01
      objectReference: {fileID: 0}
    - target: {fileID: 5775966091114205633, guid: cf364b7dac6e4804dbcf9dcd03f39193,
        type: 3}
      propertyPath: m_LocalPosition.z
      value: 0.01
      objectReference: {fileID: 0}
    - target: {fileID: 6145871109776254928, guid: cf364b7dac6e4804dbcf9dcd03f39193,
        type: 3}
      propertyPath: m_RootOrder
      value: 7
      objectReference: {fileID: 0}
    - target: {fileID: 6145871109776254928, guid: cf364b7dac6e4804dbcf9dcd03f39193,
        type: 3}
      propertyPath: m_LocalScale.x
      value: 1
      objectReference: {fileID: 0}
    - target: {fileID: 6145871109776254928, guid: cf364b7dac6e4804dbcf9dcd03f39193,
        type: 3}
      propertyPath: m_LocalScale.y
      value: 1
      objectReference: {fileID: 0}
    - target: {fileID: 6145871109776254928, guid: cf364b7dac6e4804dbcf9dcd03f39193,
        type: 3}
      propertyPath: m_LocalScale.z
      value: 1
      objectReference: {fileID: 0}
    - target: {fileID: 6145871109776254928, guid: cf364b7dac6e4804dbcf9dcd03f39193,
        type: 3}
      propertyPath: m_LocalPosition.x
      value: -0.172
      objectReference: {fileID: 0}
    - target: {fileID: 6145871109776254928, guid: cf364b7dac6e4804dbcf9dcd03f39193,
        type: 3}
      propertyPath: m_LocalPosition.y
      value: 0.0175
      objectReference: {fileID: 0}
    - target: {fileID: 6145871109776254928, guid: cf364b7dac6e4804dbcf9dcd03f39193,
        type: 3}
      propertyPath: m_LocalPosition.z
      value: 0
      objectReference: {fileID: 0}
    - target: {fileID: 6145871109776254928, guid: cf364b7dac6e4804dbcf9dcd03f39193,
        type: 3}
      propertyPath: m_LocalRotation.w
      value: 0.309017
      objectReference: {fileID: 0}
    - target: {fileID: 6145871109776254928, guid: cf364b7dac6e4804dbcf9dcd03f39193,
        type: 3}
      propertyPath: m_LocalRotation.x
      value: 0
      objectReference: {fileID: 0}
    - target: {fileID: 6145871109776254928, guid: cf364b7dac6e4804dbcf9dcd03f39193,
        type: 3}
      propertyPath: m_LocalRotation.y
      value: 0
      objectReference: {fileID: 0}
    - target: {fileID: 6145871109776254928, guid: cf364b7dac6e4804dbcf9dcd03f39193,
        type: 3}
      propertyPath: m_LocalRotation.z
      value: 0.95105654
      objectReference: {fileID: 0}
    - target: {fileID: 6145871109776254928, guid: cf364b7dac6e4804dbcf9dcd03f39193,
        type: 3}
      propertyPath: m_LocalEulerAnglesHint.x
      value: 0
      objectReference: {fileID: 0}
    - target: {fileID: 6145871109776254928, guid: cf364b7dac6e4804dbcf9dcd03f39193,
        type: 3}
      propertyPath: m_LocalEulerAnglesHint.y
      value: 0
      objectReference: {fileID: 0}
    - target: {fileID: 6145871109776254928, guid: cf364b7dac6e4804dbcf9dcd03f39193,
        type: 3}
      propertyPath: m_LocalEulerAnglesHint.z
      value: 144
      objectReference: {fileID: 0}
    - target: {fileID: 6420849661809830532, guid: cf364b7dac6e4804dbcf9dcd03f39193,
        type: 3}
      propertyPath: m_LocalRotation.w
      value: 0
      objectReference: {fileID: 0}
    - target: {fileID: 6420849661809830532, guid: cf364b7dac6e4804dbcf9dcd03f39193,
        type: 3}
      propertyPath: m_LocalRotation.x
      value: 0
      objectReference: {fileID: 0}
    - target: {fileID: 6420849661809830532, guid: cf364b7dac6e4804dbcf9dcd03f39193,
        type: 3}
      propertyPath: m_LocalRotation.z
      value: 1
      objectReference: {fileID: 0}
    - target: {fileID: 6420849661809830532, guid: cf364b7dac6e4804dbcf9dcd03f39193,
        type: 3}
      propertyPath: m_LocalEulerAnglesHint.z
      value: 180
      objectReference: {fileID: 0}
    - target: {fileID: 6677644750271662501, guid: cf364b7dac6e4804dbcf9dcd03f39193,
        type: 3}
      propertyPath: m_Mesh
      value: 
      objectReference: {fileID: 7617330845742334320, guid: c0c1cffd300ac5a48b293934ecb93609,
        type: 3}
    - target: {fileID: 7763664820509634572, guid: cf364b7dac6e4804dbcf9dcd03f39193,
        type: 3}
      propertyPath: m_Name
      value: BasePieChartPart (3)
      objectReference: {fileID: 0}
    m_RemovedComponents: []
  m_SourcePrefab: {fileID: 100100000, guid: cf364b7dac6e4804dbcf9dcd03f39193, type: 3}
--- !u!114 &3604619016833147034 stripped
MonoBehaviour:
  m_CorrespondingSourceObject: {fileID: 1702258682494781228, guid: cf364b7dac6e4804dbcf9dcd03f39193,
    type: 3}
  m_PrefabInstance: {fileID: 2709353491856893878}
  m_PrefabAsset: {fileID: 0}
  m_GameObject: {fileID: 0}
  m_Enabled: 1
  m_EditorHideFlags: 0
  m_Script: {fileID: 11500000, guid: 330fefdb101b11a41b5535c5a08cef74, type: 3}
  m_Name: 
  m_EditorClassIdentifier: 
--- !u!1001 &3265583068136614246
PrefabInstance:
  m_ObjectHideFlags: 0
  serializedVersion: 2
  m_Modification:
    m_TransformParent: {fileID: 0}
    m_Modifications:
    - target: {fileID: 2468001088915630480, guid: 8cd79440a32d8c542b4bafacaf63caf6,
        type: 3}
      propertyPath: m_pieChartParts.Array.size
      value: 8
      objectReference: {fileID: 0}
    - target: {fileID: 2468001088915630480, guid: 8cd79440a32d8c542b4bafacaf63caf6,
        type: 3}
      propertyPath: m_pieChartParts.Array.data[0]
      value: 
      objectReference: {fileID: 5923883820090310392}
    - target: {fileID: 2468001088915630480, guid: 8cd79440a32d8c542b4bafacaf63caf6,
        type: 3}
      propertyPath: m_pieChartParts.Array.data[1]
      value: 
      objectReference: {fileID: 4709182350676348078}
    - target: {fileID: 2468001088915630480, guid: 8cd79440a32d8c542b4bafacaf63caf6,
        type: 3}
      propertyPath: m_pieChartParts.Array.data[2]
      value: 
      objectReference: {fileID: 3930797295128694555}
    - target: {fileID: 2468001088915630480, guid: 8cd79440a32d8c542b4bafacaf63caf6,
        type: 3}
      propertyPath: m_pieChartParts.Array.data[3]
      value: 
      objectReference: {fileID: 7561881238436052589}
    - target: {fileID: 2468001088915630480, guid: 8cd79440a32d8c542b4bafacaf63caf6,
        type: 3}
      propertyPath: m_pieChartParts.Array.data[4]
      value: 
      objectReference: {fileID: 8506758413566094600}
    - target: {fileID: 2468001088915630480, guid: 8cd79440a32d8c542b4bafacaf63caf6,
        type: 3}
      propertyPath: m_pieChartParts.Array.data[5]
      value: 
      objectReference: {fileID: 2676388921452832672}
    - target: {fileID: 2468001088915630480, guid: 8cd79440a32d8c542b4bafacaf63caf6,
        type: 3}
      propertyPath: m_pieChartParts.Array.data[6]
      value: 
      objectReference: {fileID: 8561463060520618530}
    - target: {fileID: 2468001088915630480, guid: 8cd79440a32d8c542b4bafacaf63caf6,
        type: 3}
      propertyPath: m_pieChartParts.Array.data[7]
      value: 
      objectReference: {fileID: 3604619016833147034}
    - target: {fileID: 5606248450418453290, guid: 8cd79440a32d8c542b4bafacaf63caf6,
        type: 3}
      propertyPath: m_LocalRotation.w
      value: 0.45451948
      objectReference: {fileID: 0}
    - target: {fileID: 5606248450418453290, guid: 8cd79440a32d8c542b4bafacaf63caf6,
        type: 3}
      propertyPath: m_LocalRotation.x
      value: 0.45451948
      objectReference: {fileID: 0}
    - target: {fileID: 5606248450418453290, guid: 8cd79440a32d8c542b4bafacaf63caf6,
        type: 3}
      propertyPath: m_LocalRotation.y
      value: -0.5416752
      objectReference: {fileID: 0}
    - target: {fileID: 5606248450418453290, guid: 8cd79440a32d8c542b4bafacaf63caf6,
        type: 3}
      propertyPath: m_LocalRotation.z
      value: 0.5416752
      objectReference: {fileID: 0}
    - target: {fileID: 5606248450418453290, guid: 8cd79440a32d8c542b4bafacaf63caf6,
        type: 3}
      propertyPath: m_LocalEulerAnglesHint.z
      value: 100
      objectReference: {fileID: 0}
    - target: {fileID: 5606248451012365329, guid: 8cd79440a32d8c542b4bafacaf63caf6,
        type: 3}
      propertyPath: m_RootOrder
      value: 0
      objectReference: {fileID: 0}
    - target: {fileID: 5606248451012365329, guid: 8cd79440a32d8c542b4bafacaf63caf6,
        type: 3}
      propertyPath: m_LocalScale.x
      value: 1
      objectReference: {fileID: 0}
    - target: {fileID: 5606248451012365329, guid: 8cd79440a32d8c542b4bafacaf63caf6,
        type: 3}
      propertyPath: m_LocalScale.y
      value: 1
      objectReference: {fileID: 0}
    - target: {fileID: 5606248451012365329, guid: 8cd79440a32d8c542b4bafacaf63caf6,
        type: 3}
      propertyPath: m_LocalScale.z
      value: 1
      objectReference: {fileID: 0}
    - target: {fileID: 5606248451012365329, guid: 8cd79440a32d8c542b4bafacaf63caf6,
        type: 3}
      propertyPath: m_LocalPosition.x
      value: 0
      objectReference: {fileID: 0}
    - target: {fileID: 5606248451012365329, guid: 8cd79440a32d8c542b4bafacaf63caf6,
        type: 3}
      propertyPath: m_LocalPosition.y
      value: 0
      objectReference: {fileID: 0}
    - target: {fileID: 5606248451012365329, guid: 8cd79440a32d8c542b4bafacaf63caf6,
        type: 3}
      propertyPath: m_LocalPosition.z
      value: 0
      objectReference: {fileID: 0}
    - target: {fileID: 5606248451012365329, guid: 8cd79440a32d8c542b4bafacaf63caf6,
        type: 3}
      propertyPath: m_LocalRotation.w
      value: 1
      objectReference: {fileID: 0}
    - target: {fileID: 5606248451012365329, guid: 8cd79440a32d8c542b4bafacaf63caf6,
        type: 3}
      propertyPath: m_LocalRotation.x
      value: 0
      objectReference: {fileID: 0}
    - target: {fileID: 5606248451012365329, guid: 8cd79440a32d8c542b4bafacaf63caf6,
        type: 3}
      propertyPath: m_LocalRotation.y
      value: 0
      objectReference: {fileID: 0}
    - target: {fileID: 5606248451012365329, guid: 8cd79440a32d8c542b4bafacaf63caf6,
        type: 3}
      propertyPath: m_LocalRotation.z
      value: 0
      objectReference: {fileID: 0}
    - target: {fileID: 5606248451012365329, guid: 8cd79440a32d8c542b4bafacaf63caf6,
        type: 3}
      propertyPath: m_LocalEulerAnglesHint.x
      value: 0
      objectReference: {fileID: 0}
    - target: {fileID: 5606248451012365329, guid: 8cd79440a32d8c542b4bafacaf63caf6,
        type: 3}
      propertyPath: m_LocalEulerAnglesHint.y
      value: 0
      objectReference: {fileID: 0}
    - target: {fileID: 5606248451012365329, guid: 8cd79440a32d8c542b4bafacaf63caf6,
        type: 3}
      propertyPath: m_LocalEulerAnglesHint.z
      value: 0
      objectReference: {fileID: 0}
    - target: {fileID: 5606248451012365330, guid: 8cd79440a32d8c542b4bafacaf63caf6,
        type: 3}
      propertyPath: m_Name
      value: HardPieChart07
      objectReference: {fileID: 0}
    m_RemovedComponents: []
  m_SourcePrefab: {fileID: 100100000, guid: 8cd79440a32d8c542b4bafacaf63caf6, type: 3}
--- !u!4 &6961662586827646327 stripped
Transform:
  m_CorrespondingSourceObject: {fileID: 5606248451012365329, guid: 8cd79440a32d8c542b4bafacaf63caf6,
    type: 3}
  m_PrefabInstance: {fileID: 3265583068136614246}
  m_PrefabAsset: {fileID: 0}
--- !u!4 &6961662585134809676 stripped
Transform:
  m_CorrespondingSourceObject: {fileID: 5606248450418453290, guid: 8cd79440a32d8c542b4bafacaf63caf6,
    type: 3}
  m_PrefabInstance: {fileID: 3265583068136614246}
  m_PrefabAsset: {fileID: 0}
--- !u!1001 &3655747294177894540
PrefabInstance:
  m_ObjectHideFlags: 0
  serializedVersion: 2
  m_Modification:
    m_TransformParent: {fileID: 6961662585134809676}
    m_Modifications:
    - target: {fileID: 1702258682494781228, guid: cf364b7dac6e4804dbcf9dcd03f39193,
        type: 3}
      propertyPath: m_counterUpgrade
      value: 2
      objectReference: {fileID: 0}
    - target: {fileID: 1702258682494781228, guid: cf364b7dac6e4804dbcf9dcd03f39193,
        type: 3}
      propertyPath: pieChartPartType
      value: 0
      objectReference: {fileID: 0}
    - target: {fileID: 3657655935757711224, guid: cf364b7dac6e4804dbcf9dcd03f39193,
        type: 3}
      propertyPath: m_LocalRotation.w
      value: -0.5512091
      objectReference: {fileID: 0}
    - target: {fileID: 3657655935757711224, guid: cf364b7dac6e4804dbcf9dcd03f39193,
        type: 3}
      propertyPath: m_LocalRotation.y
      value: 0
      objectReference: {fileID: 0}
    - target: {fileID: 3657655935757711224, guid: cf364b7dac6e4804dbcf9dcd03f39193,
        type: 3}
      propertyPath: m_LocalRotation.z
      value: -0.8343672
      objectReference: {fileID: 0}
    - target: {fileID: 3657655935757711224, guid: cf364b7dac6e4804dbcf9dcd03f39193,
        type: 3}
      propertyPath: m_AnchoredPosition.x
      value: 0.081
      objectReference: {fileID: 0}
    - target: {fileID: 3657655935757711224, guid: cf364b7dac6e4804dbcf9dcd03f39193,
        type: 3}
      propertyPath: m_AnchoredPosition.y
      value: -0.013
      objectReference: {fileID: 0}
    - target: {fileID: 3657655935757711224, guid: cf364b7dac6e4804dbcf9dcd03f39193,
        type: 3}
      propertyPath: m_LocalEulerAnglesHint.z
      value: -246.9
      objectReference: {fileID: 0}
    - target: {fileID: 3833394123290583109, guid: cf364b7dac6e4804dbcf9dcd03f39193,
        type: 3}
      propertyPath: m_LocalRotation.w
      value: 0.7132505
      objectReference: {fileID: 0}
    - target: {fileID: 3833394123290583109, guid: cf364b7dac6e4804dbcf9dcd03f39193,
        type: 3}
      propertyPath: m_LocalRotation.z
      value: -0.70090926
      objectReference: {fileID: 0}
    - target: {fileID: 3833394123290583109, guid: cf364b7dac6e4804dbcf9dcd03f39193,
        type: 3}
      propertyPath: m_LocalEulerAnglesHint.z
      value: -89
      objectReference: {fileID: 0}
    - target: {fileID: 4865962382455092573, guid: cf364b7dac6e4804dbcf9dcd03f39193,
        type: 3}
      propertyPath: m_Materials.Array.size
      value: 1
      objectReference: {fileID: 0}
    - target: {fileID: 4865962382455092573, guid: cf364b7dac6e4804dbcf9dcd03f39193,
        type: 3}
      propertyPath: m_Materials.Array.data[1]
      value: 
      objectReference: {fileID: 2100000, guid: b5f1a79249fa0694fad2fb31c8c62eae, type: 2}
    - target: {fileID: 5775966091114205633, guid: cf364b7dac6e4804dbcf9dcd03f39193,
        type: 3}
      propertyPath: m_LocalPosition.x
      value: 0.01
      objectReference: {fileID: 0}
    - target: {fileID: 5775966091114205633, guid: cf364b7dac6e4804dbcf9dcd03f39193,
        type: 3}
      propertyPath: m_LocalPosition.y
      value: -0.01
      objectReference: {fileID: 0}
    - target: {fileID: 5775966091114205633, guid: cf364b7dac6e4804dbcf9dcd03f39193,
        type: 3}
      propertyPath: m_LocalPosition.z
      value: 0.01
      objectReference: {fileID: 0}
    - target: {fileID: 6145871109776254928, guid: cf364b7dac6e4804dbcf9dcd03f39193,
        type: 3}
      propertyPath: m_RootOrder
      value: 5
      objectReference: {fileID: 0}
    - target: {fileID: 6145871109776254928, guid: cf364b7dac6e4804dbcf9dcd03f39193,
        type: 3}
      propertyPath: m_LocalScale.x
      value: 1
      objectReference: {fileID: 0}
    - target: {fileID: 6145871109776254928, guid: cf364b7dac6e4804dbcf9dcd03f39193,
        type: 3}
      propertyPath: m_LocalScale.y
      value: 1
      objectReference: {fileID: 0}
    - target: {fileID: 6145871109776254928, guid: cf364b7dac6e4804dbcf9dcd03f39193,
        type: 3}
      propertyPath: m_LocalScale.z
      value: 1
      objectReference: {fileID: 0}
    - target: {fileID: 6145871109776254928, guid: cf364b7dac6e4804dbcf9dcd03f39193,
        type: 3}
      propertyPath: m_LocalPosition.x
      value: -0.15
      objectReference: {fileID: 0}
    - target: {fileID: 6145871109776254928, guid: cf364b7dac6e4804dbcf9dcd03f39193,
        type: 3}
      propertyPath: m_LocalPosition.y
      value: -0.12
      objectReference: {fileID: 0}
    - target: {fileID: 6145871109776254928, guid: cf364b7dac6e4804dbcf9dcd03f39193,
        type: 3}
      propertyPath: m_LocalPosition.z
      value: -0
      objectReference: {fileID: 0}
    - target: {fileID: 6145871109776254928, guid: cf364b7dac6e4804dbcf9dcd03f39193,
        type: 3}
      propertyPath: m_LocalRotation.w
      value: 0
      objectReference: {fileID: 0}
    - target: {fileID: 6145871109776254928, guid: cf364b7dac6e4804dbcf9dcd03f39193,
        type: 3}
      propertyPath: m_LocalRotation.x
      value: 0
      objectReference: {fileID: 0}
    - target: {fileID: 6145871109776254928, guid: cf364b7dac6e4804dbcf9dcd03f39193,
        type: 3}
      propertyPath: m_LocalRotation.y
      value: 0
      objectReference: {fileID: 0}
    - target: {fileID: 6145871109776254928, guid: cf364b7dac6e4804dbcf9dcd03f39193,
        type: 3}
      propertyPath: m_LocalRotation.z
      value: 1
      objectReference: {fileID: 0}
    - target: {fileID: 6145871109776254928, guid: cf364b7dac6e4804dbcf9dcd03f39193,
        type: 3}
      propertyPath: m_LocalEulerAnglesHint.x
      value: 0
      objectReference: {fileID: 0}
    - target: {fileID: 6145871109776254928, guid: cf364b7dac6e4804dbcf9dcd03f39193,
        type: 3}
      propertyPath: m_LocalEulerAnglesHint.y
      value: 0
      objectReference: {fileID: 0}
    - target: {fileID: 6145871109776254928, guid: cf364b7dac6e4804dbcf9dcd03f39193,
        type: 3}
      propertyPath: m_LocalEulerAnglesHint.z
      value: 180
      objectReference: {fileID: 0}
    - target: {fileID: 6420849661809830532, guid: cf364b7dac6e4804dbcf9dcd03f39193,
        type: 3}
      propertyPath: m_LocalRotation.w
      value: 0
      objectReference: {fileID: 0}
    - target: {fileID: 6420849661809830532, guid: cf364b7dac6e4804dbcf9dcd03f39193,
        type: 3}
      propertyPath: m_LocalRotation.x
      value: 0
      objectReference: {fileID: 0}
    - target: {fileID: 6420849661809830532, guid: cf364b7dac6e4804dbcf9dcd03f39193,
        type: 3}
      propertyPath: m_LocalRotation.z
      value: 1
      objectReference: {fileID: 0}
    - target: {fileID: 6420849661809830532, guid: cf364b7dac6e4804dbcf9dcd03f39193,
        type: 3}
      propertyPath: m_LocalEulerAnglesHint.z
      value: 180
      objectReference: {fileID: 0}
    - target: {fileID: 6677644750271662501, guid: cf364b7dac6e4804dbcf9dcd03f39193,
        type: 3}
      propertyPath: m_Mesh
      value: 
      objectReference: {fileID: 8433045540174336288, guid: f3de4fcc8ba920b4b95080e79d58b58b,
        type: 3}
    - target: {fileID: 7763664820509634572, guid: cf364b7dac6e4804dbcf9dcd03f39193,
        type: 3}
      propertyPath: m_Name
      value: BasePieChartPart (7)
      objectReference: {fileID: 0}
    m_RemovedComponents: []
  m_SourcePrefab: {fileID: 100100000, guid: cf364b7dac6e4804dbcf9dcd03f39193, type: 3}
--- !u!114 &2676388921452832672 stripped
MonoBehaviour:
  m_CorrespondingSourceObject: {fileID: 1702258682494781228, guid: cf364b7dac6e4804dbcf9dcd03f39193,
    type: 3}
  m_PrefabInstance: {fileID: 3655747294177894540}
  m_PrefabAsset: {fileID: 0}
  m_GameObject: {fileID: 0}
  m_Enabled: 1
  m_EditorHideFlags: 0
  m_Script: {fileID: 11500000, guid: 330fefdb101b11a41b5535c5a08cef74, type: 3}
  m_Name: 
  m_EditorClassIdentifier: 
--- !u!1001 &5019965139131546068
PrefabInstance:
  m_ObjectHideFlags: 0
  serializedVersion: 2
  m_Modification:
    m_TransformParent: {fileID: 6961662585134809676}
    m_Modifications:
    - target: {fileID: 1702258682494781228, guid: cf364b7dac6e4804dbcf9dcd03f39193,
        type: 3}
      propertyPath: m_counterUpgrade
      value: 5
      objectReference: {fileID: 0}
    - target: {fileID: 1702258682494781228, guid: cf364b7dac6e4804dbcf9dcd03f39193,
        type: 3}
      propertyPath: pieChartPartType
      value: 0
      objectReference: {fileID: 0}
    - target: {fileID: 3657655935757711224, guid: cf364b7dac6e4804dbcf9dcd03f39193,
        type: 3}
      propertyPath: m_LocalRotation.w
      value: -0.5764321
      objectReference: {fileID: 0}
    - target: {fileID: 3657655935757711224, guid: cf364b7dac6e4804dbcf9dcd03f39193,
        type: 3}
      propertyPath: m_LocalRotation.y
      value: 0
      objectReference: {fileID: 0}
    - target: {fileID: 3657655935757711224, guid: cf364b7dac6e4804dbcf9dcd03f39193,
        type: 3}
      propertyPath: m_LocalRotation.z
      value: -0.8171451
      objectReference: {fileID: 0}
    - target: {fileID: 3657655935757711224, guid: cf364b7dac6e4804dbcf9dcd03f39193,
        type: 3}
      propertyPath: m_AnchoredPosition.x
      value: 0.091
      objectReference: {fileID: 0}
    - target: {fileID: 3657655935757711224, guid: cf364b7dac6e4804dbcf9dcd03f39193,
        type: 3}
      propertyPath: m_AnchoredPosition.y
      value: -0.009
      objectReference: {fileID: 0}
    - target: {fileID: 3657655935757711224, guid: cf364b7dac6e4804dbcf9dcd03f39193,
        type: 3}
      propertyPath: m_LocalEulerAnglesHint.z
      value: -250.4
      objectReference: {fileID: 0}
    - target: {fileID: 3833394123290583109, guid: cf364b7dac6e4804dbcf9dcd03f39193,
        type: 3}
      propertyPath: m_LocalRotation.w
      value: 0.7132505
      objectReference: {fileID: 0}
    - target: {fileID: 3833394123290583109, guid: cf364b7dac6e4804dbcf9dcd03f39193,
        type: 3}
      propertyPath: m_LocalRotation.z
      value: -0.70090926
      objectReference: {fileID: 0}
    - target: {fileID: 3833394123290583109, guid: cf364b7dac6e4804dbcf9dcd03f39193,
        type: 3}
      propertyPath: m_LocalEulerAnglesHint.z
      value: -89
      objectReference: {fileID: 0}
    - target: {fileID: 4865962382455092573, guid: cf364b7dac6e4804dbcf9dcd03f39193,
        type: 3}
      propertyPath: m_Materials.Array.size
      value: 1
      objectReference: {fileID: 0}
    - target: {fileID: 4865962382455092573, guid: cf364b7dac6e4804dbcf9dcd03f39193,
        type: 3}
      propertyPath: m_Materials.Array.data[1]
      value: 
      objectReference: {fileID: 2100000, guid: b5f1a79249fa0694fad2fb31c8c62eae, type: 2}
    - target: {fileID: 5775966091114205633, guid: cf364b7dac6e4804dbcf9dcd03f39193,
        type: 3}
      propertyPath: m_LocalPosition.x
      value: 0.01
      objectReference: {fileID: 0}
    - target: {fileID: 5775966091114205633, guid: cf364b7dac6e4804dbcf9dcd03f39193,
        type: 3}
      propertyPath: m_LocalPosition.y
      value: -0.01
      objectReference: {fileID: 0}
    - target: {fileID: 5775966091114205633, guid: cf364b7dac6e4804dbcf9dcd03f39193,
        type: 3}
      propertyPath: m_LocalPosition.z
      value: 0.01
      objectReference: {fileID: 0}
    - target: {fileID: 6145871109776254928, guid: cf364b7dac6e4804dbcf9dcd03f39193,
        type: 3}
      propertyPath: m_RootOrder
      value: 0
      objectReference: {fileID: 0}
    - target: {fileID: 6145871109776254928, guid: cf364b7dac6e4804dbcf9dcd03f39193,
        type: 3}
      propertyPath: m_LocalScale.x
      value: 1
      objectReference: {fileID: 0}
    - target: {fileID: 6145871109776254928, guid: cf364b7dac6e4804dbcf9dcd03f39193,
        type: 3}
      propertyPath: m_LocalScale.y
      value: 1
      objectReference: {fileID: 0}
    - target: {fileID: 6145871109776254928, guid: cf364b7dac6e4804dbcf9dcd03f39193,
        type: 3}
      propertyPath: m_LocalScale.z
      value: 1
      objectReference: {fileID: 0}
    - target: {fileID: 6145871109776254928, guid: cf364b7dac6e4804dbcf9dcd03f39193,
        type: 3}
      propertyPath: m_LocalPosition.x
      value: 0.0177
      objectReference: {fileID: 0}
    - target: {fileID: 6145871109776254928, guid: cf364b7dac6e4804dbcf9dcd03f39193,
        type: 3}
      propertyPath: m_LocalPosition.y
      value: 0.1725
      objectReference: {fileID: 0}
    - target: {fileID: 6145871109776254928, guid: cf364b7dac6e4804dbcf9dcd03f39193,
        type: 3}
      propertyPath: m_LocalPosition.z
      value: -0
      objectReference: {fileID: 0}
    - target: {fileID: 6145871109776254928, guid: cf364b7dac6e4804dbcf9dcd03f39193,
        type: 3}
      propertyPath: m_LocalRotation.w
      value: 0.8910066
      objectReference: {fileID: 0}
    - target: {fileID: 6145871109776254928, guid: cf364b7dac6e4804dbcf9dcd03f39193,
        type: 3}
      propertyPath: m_LocalRotation.x
      value: 0
      objectReference: {fileID: 0}
    - target: {fileID: 6145871109776254928, guid: cf364b7dac6e4804dbcf9dcd03f39193,
        type: 3}
      propertyPath: m_LocalRotation.y
      value: 0
      objectReference: {fileID: 0}
    - target: {fileID: 6145871109776254928, guid: cf364b7dac6e4804dbcf9dcd03f39193,
        type: 3}
      propertyPath: m_LocalRotation.z
      value: 0.45399043
      objectReference: {fileID: 0}
    - target: {fileID: 6145871109776254928, guid: cf364b7dac6e4804dbcf9dcd03f39193,
        type: 3}
      propertyPath: m_LocalEulerAnglesHint.x
      value: 0
      objectReference: {fileID: 0}
    - target: {fileID: 6145871109776254928, guid: cf364b7dac6e4804dbcf9dcd03f39193,
        type: 3}
      propertyPath: m_LocalEulerAnglesHint.y
      value: 0
      objectReference: {fileID: 0}
    - target: {fileID: 6145871109776254928, guid: cf364b7dac6e4804dbcf9dcd03f39193,
        type: 3}
      propertyPath: m_LocalEulerAnglesHint.z
      value: 54
      objectReference: {fileID: 0}
    - target: {fileID: 6420849661809830532, guid: cf364b7dac6e4804dbcf9dcd03f39193,
        type: 3}
      propertyPath: m_LocalRotation.w
      value: 0
      objectReference: {fileID: 0}
    - target: {fileID: 6420849661809830532, guid: cf364b7dac6e4804dbcf9dcd03f39193,
        type: 3}
      propertyPath: m_LocalRotation.x
      value: 0
      objectReference: {fileID: 0}
    - target: {fileID: 6420849661809830532, guid: cf364b7dac6e4804dbcf9dcd03f39193,
        type: 3}
      propertyPath: m_LocalRotation.z
      value: 1
      objectReference: {fileID: 0}
    - target: {fileID: 6420849661809830532, guid: cf364b7dac6e4804dbcf9dcd03f39193,
        type: 3}
      propertyPath: m_LocalEulerAnglesHint.z
      value: 180
      objectReference: {fileID: 0}
    - target: {fileID: 6677644750271662501, guid: cf364b7dac6e4804dbcf9dcd03f39193,
        type: 3}
      propertyPath: m_Mesh
      value: 
      objectReference: {fileID: 7617330845742334320, guid: c0c1cffd300ac5a48b293934ecb93609,
        type: 3}
    - target: {fileID: 7763664820509634572, guid: cf364b7dac6e4804dbcf9dcd03f39193,
        type: 3}
      propertyPath: m_Name
      value: BasePieChartPart
      objectReference: {fileID: 0}
    m_RemovedComponents: []
  m_SourcePrefab: {fileID: 100100000, guid: cf364b7dac6e4804dbcf9dcd03f39193, type: 3}
--- !u!114 &5923883820090310392 stripped
MonoBehaviour:
  m_CorrespondingSourceObject: {fileID: 1702258682494781228, guid: cf364b7dac6e4804dbcf9dcd03f39193,
    type: 3}
  m_PrefabInstance: {fileID: 5019965139131546068}
  m_PrefabAsset: {fileID: 0}
  m_GameObject: {fileID: 0}
  m_Enabled: 1
  m_EditorHideFlags: 0
  m_Script: {fileID: 11500000, guid: 330fefdb101b11a41b5535c5a08cef74, type: 3}
  m_Name: 
  m_EditorClassIdentifier: 
--- !u!1001 &6252618223493532546
PrefabInstance:
  m_ObjectHideFlags: 0
  serializedVersion: 2
  m_Modification:
    m_TransformParent: {fileID: 6961662585134809676}
    m_Modifications:
    - target: {fileID: 1702258682494781228, guid: cf364b7dac6e4804dbcf9dcd03f39193,
        type: 3}
      propertyPath: m_counterUpgrade
      value: 2
      objectReference: {fileID: 0}
    - target: {fileID: 1702258682494781228, guid: cf364b7dac6e4804dbcf9dcd03f39193,
        type: 3}
      propertyPath: pieChartPartType
      value: 0
      objectReference: {fileID: 0}
    - target: {fileID: 3657655935757711224, guid: cf364b7dac6e4804dbcf9dcd03f39193,
        type: 3}
      propertyPath: m_LocalRotation.w
      value: 0.5792812
      objectReference: {fileID: 0}
    - target: {fileID: 3657655935757711224, guid: cf364b7dac6e4804dbcf9dcd03f39193,
        type: 3}
      propertyPath: m_LocalRotation.x
      value: 0
      objectReference: {fileID: 0}
    - target: {fileID: 3657655935757711224, guid: cf364b7dac6e4804dbcf9dcd03f39193,
        type: 3}
      propertyPath: m_LocalRotation.y
      value: 0
      objectReference: {fileID: 0}
    - target: {fileID: 3657655935757711224, guid: cf364b7dac6e4804dbcf9dcd03f39193,
        type: 3}
      propertyPath: m_LocalRotation.z
      value: 0.81512773
      objectReference: {fileID: 0}
    - target: {fileID: 3657655935757711224, guid: cf364b7dac6e4804dbcf9dcd03f39193,
        type: 3}
      propertyPath: m_AnchoredPosition.x
      value: 0.087
      objectReference: {fileID: 0}
    - target: {fileID: 3657655935757711224, guid: cf364b7dac6e4804dbcf9dcd03f39193,
        type: 3}
      propertyPath: m_AnchoredPosition.y
      value: -0.009
      objectReference: {fileID: 0}
    - target: {fileID: 3657655935757711224, guid: cf364b7dac6e4804dbcf9dcd03f39193,
        type: 3}
      propertyPath: m_LocalEulerAnglesHint.z
      value: 109.2
      objectReference: {fileID: 0}
    - target: {fileID: 3833394123290583109, guid: cf364b7dac6e4804dbcf9dcd03f39193,
        type: 3}
      propertyPath: m_LocalRotation.w
      value: 1
      objectReference: {fileID: 0}
    - target: {fileID: 3833394123290583109, guid: cf364b7dac6e4804dbcf9dcd03f39193,
        type: 3}
      propertyPath: m_LocalRotation.z
      value: 0
      objectReference: {fileID: 0}
    - target: {fileID: 3833394123290583109, guid: cf364b7dac6e4804dbcf9dcd03f39193,
        type: 3}
      propertyPath: m_LocalEulerAnglesHint.z
      value: 0
      objectReference: {fileID: 0}
    - target: {fileID: 4274275864354434790, guid: cf364b7dac6e4804dbcf9dcd03f39193,
        type: 3}
      propertyPath: m_LocalRotation.w
      value: 1
      objectReference: {fileID: 0}
    - target: {fileID: 4865962382455092573, guid: cf364b7dac6e4804dbcf9dcd03f39193,
        type: 3}
      propertyPath: m_Materials.Array.size
      value: 1
      objectReference: {fileID: 0}
    - target: {fileID: 4865962382455092573, guid: cf364b7dac6e4804dbcf9dcd03f39193,
        type: 3}
      propertyPath: m_Materials.Array.data[0]
      value: 
      objectReference: {fileID: 2100000, guid: d176270c4b366bd488c75c398341cec6, type: 2}
    - target: {fileID: 4865962382455092573, guid: cf364b7dac6e4804dbcf9dcd03f39193,
        type: 3}
      propertyPath: m_Materials.Array.data[1]
      value: 
      objectReference: {fileID: 2100000, guid: b5f1a79249fa0694fad2fb31c8c62eae, type: 2}
    - target: {fileID: 5775966091114205633, guid: cf364b7dac6e4804dbcf9dcd03f39193,
        type: 3}
      propertyPath: m_LocalPosition.x
      value: -0.01
      objectReference: {fileID: 0}
    - target: {fileID: 5775966091114205633, guid: cf364b7dac6e4804dbcf9dcd03f39193,
        type: 3}
      propertyPath: m_LocalPosition.y
      value: 0
      objectReference: {fileID: 0}
    - target: {fileID: 5775966091114205633, guid: cf364b7dac6e4804dbcf9dcd03f39193,
        type: 3}
      propertyPath: m_LocalPosition.z
      value: 0.01
      objectReference: {fileID: 0}
    - target: {fileID: 5775966091114205633, guid: cf364b7dac6e4804dbcf9dcd03f39193,
        type: 3}
      propertyPath: m_LocalRotation.w
      value: 1
      objectReference: {fileID: 0}
    - target: {fileID: 6145871109776254928, guid: cf364b7dac6e4804dbcf9dcd03f39193,
        type: 3}
      propertyPath: m_RootOrder
      value: 1
      objectReference: {fileID: 0}
    - target: {fileID: 6145871109776254928, guid: cf364b7dac6e4804dbcf9dcd03f39193,
        type: 3}
      propertyPath: m_LocalScale.x
      value: 1
      objectReference: {fileID: 0}
    - target: {fileID: 6145871109776254928, guid: cf364b7dac6e4804dbcf9dcd03f39193,
        type: 3}
      propertyPath: m_LocalScale.y
      value: 1
      objectReference: {fileID: 0}
    - target: {fileID: 6145871109776254928, guid: cf364b7dac6e4804dbcf9dcd03f39193,
        type: 3}
      propertyPath: m_LocalScale.z
      value: 1
      objectReference: {fileID: 0}
    - target: {fileID: 6145871109776254928, guid: cf364b7dac6e4804dbcf9dcd03f39193,
        type: 3}
      propertyPath: m_LocalPosition.x
      value: -0.018
      objectReference: {fileID: 0}
    - target: {fileID: 6145871109776254928, guid: cf364b7dac6e4804dbcf9dcd03f39193,
        type: 3}
      propertyPath: m_LocalPosition.y
      value: -0.1725
      objectReference: {fileID: 0}
    - target: {fileID: 6145871109776254928, guid: cf364b7dac6e4804dbcf9dcd03f39193,
        type: 3}
      propertyPath: m_LocalPosition.z
      value: -0
      objectReference: {fileID: 0}
    - target: {fileID: 6145871109776254928, guid: cf364b7dac6e4804dbcf9dcd03f39193,
        type: 3}
      propertyPath: m_LocalRotation.w
      value: 0.4539906
      objectReference: {fileID: 0}
    - target: {fileID: 6145871109776254928, guid: cf364b7dac6e4804dbcf9dcd03f39193,
        type: 3}
      propertyPath: m_LocalRotation.x
      value: 0
      objectReference: {fileID: 0}
    - target: {fileID: 6145871109776254928, guid: cf364b7dac6e4804dbcf9dcd03f39193,
        type: 3}
      propertyPath: m_LocalRotation.y
      value: 0
      objectReference: {fileID: 0}
    - target: {fileID: 6145871109776254928, guid: cf364b7dac6e4804dbcf9dcd03f39193,
        type: 3}
      propertyPath: m_LocalRotation.z
      value: -0.8910065
      objectReference: {fileID: 0}
    - target: {fileID: 6145871109776254928, guid: cf364b7dac6e4804dbcf9dcd03f39193,
        type: 3}
      propertyPath: m_LocalEulerAnglesHint.x
      value: 0
      objectReference: {fileID: 0}
    - target: {fileID: 6145871109776254928, guid: cf364b7dac6e4804dbcf9dcd03f39193,
        type: 3}
      propertyPath: m_LocalEulerAnglesHint.y
      value: 0
      objectReference: {fileID: 0}
    - target: {fileID: 6145871109776254928, guid: cf364b7dac6e4804dbcf9dcd03f39193,
        type: 3}
      propertyPath: m_LocalEulerAnglesHint.z
      value: -126
      objectReference: {fileID: 0}
    - target: {fileID: 6420849661809830532, guid: cf364b7dac6e4804dbcf9dcd03f39193,
        type: 3}
      propertyPath: m_LocalRotation.w
      value: -0.008726464
      objectReference: {fileID: 0}
    - target: {fileID: 6420849661809830532, guid: cf364b7dac6e4804dbcf9dcd03f39193,
        type: 3}
      propertyPath: m_LocalRotation.x
      value: 0
      objectReference: {fileID: 0}
    - target: {fileID: 6420849661809830532, guid: cf364b7dac6e4804dbcf9dcd03f39193,
        type: 3}
      propertyPath: m_LocalRotation.y
      value: -0
      objectReference: {fileID: 0}
    - target: {fileID: 6420849661809830532, guid: cf364b7dac6e4804dbcf9dcd03f39193,
        type: 3}
      propertyPath: m_LocalRotation.z
      value: 0.9999619
      objectReference: {fileID: 0}
    - target: {fileID: 6420849661809830532, guid: cf364b7dac6e4804dbcf9dcd03f39193,
        type: 3}
      propertyPath: m_LocalEulerAnglesHint.z
      value: 181
      objectReference: {fileID: 0}
    - target: {fileID: 6677644750271662501, guid: cf364b7dac6e4804dbcf9dcd03f39193,
        type: 3}
      propertyPath: m_Mesh
      value: 
      objectReference: {fileID: 7617330845742334320, guid: c0c1cffd300ac5a48b293934ecb93609,
        type: 3}
    - target: {fileID: 7763664820509634572, guid: cf364b7dac6e4804dbcf9dcd03f39193,
        type: 3}
      propertyPath: m_Name
      value: BasePieChartPart (1)
      objectReference: {fileID: 0}
    m_RemovedComponents: []
  m_SourcePrefab: {fileID: 100100000, guid: cf364b7dac6e4804dbcf9dcd03f39193, type: 3}
--- !u!114 &4709182350676348078 stripped
MonoBehaviour:
  m_CorrespondingSourceObject: {fileID: 1702258682494781228, guid: cf364b7dac6e4804dbcf9dcd03f39193,
    type: 3}
  m_PrefabInstance: {fileID: 6252618223493532546}
  m_PrefabAsset: {fileID: 0}
  m_GameObject: {fileID: 0}
  m_Enabled: 1
  m_EditorHideFlags: 0
  m_Script: {fileID: 11500000, guid: 330fefdb101b11a41b5535c5a08cef74, type: 3}
  m_Name: 
  m_EditorClassIdentifier: 
--- !u!1001 &7012049688427285774
PrefabInstance:
  m_ObjectHideFlags: 0
  serializedVersion: 2
  m_Modification:
    m_TransformParent: {fileID: 6961662585134809676}
    m_Modifications:
    - target: {fileID: 1702258682494781228, guid: cf364b7dac6e4804dbcf9dcd03f39193,
        type: 3}
      propertyPath: m_counterUpgrade
      value: 5
      objectReference: {fileID: 0}
    - target: {fileID: 1702258682494781228, guid: cf364b7dac6e4804dbcf9dcd03f39193,
        type: 3}
      propertyPath: pieChartPartType
      value: 4
      objectReference: {fileID: 0}
    - target: {fileID: 3657655935757711224, guid: cf364b7dac6e4804dbcf9dcd03f39193,
        type: 3}
      propertyPath: m_LocalRotation.w
      value: -0.5764321
      objectReference: {fileID: 0}
    - target: {fileID: 3657655935757711224, guid: cf364b7dac6e4804dbcf9dcd03f39193,
        type: 3}
      propertyPath: m_LocalRotation.y
      value: 0
      objectReference: {fileID: 0}
    - target: {fileID: 3657655935757711224, guid: cf364b7dac6e4804dbcf9dcd03f39193,
        type: 3}
      propertyPath: m_LocalRotation.z
      value: -0.8171451
      objectReference: {fileID: 0}
    - target: {fileID: 3657655935757711224, guid: cf364b7dac6e4804dbcf9dcd03f39193,
        type: 3}
      propertyPath: m_AnchoredPosition.x
      value: 0.091
      objectReference: {fileID: 0}
    - target: {fileID: 3657655935757711224, guid: cf364b7dac6e4804dbcf9dcd03f39193,
        type: 3}
      propertyPath: m_AnchoredPosition.y
      value: -0.009
      objectReference: {fileID: 0}
    - target: {fileID: 3657655935757711224, guid: cf364b7dac6e4804dbcf9dcd03f39193,
        type: 3}
      propertyPath: m_LocalEulerAnglesHint.z
      value: -250.4
      objectReference: {fileID: 0}
    - target: {fileID: 3833394123290583109, guid: cf364b7dac6e4804dbcf9dcd03f39193,
        type: 3}
      propertyPath: m_LocalRotation.w
      value: 0.7132505
      objectReference: {fileID: 0}
    - target: {fileID: 3833394123290583109, guid: cf364b7dac6e4804dbcf9dcd03f39193,
        type: 3}
      propertyPath: m_LocalRotation.z
      value: -0.70090926
      objectReference: {fileID: 0}
    - target: {fileID: 3833394123290583109, guid: cf364b7dac6e4804dbcf9dcd03f39193,
        type: 3}
      propertyPath: m_LocalEulerAnglesHint.z
      value: -89
      objectReference: {fileID: 0}
    - target: {fileID: 4865962382455092573, guid: cf364b7dac6e4804dbcf9dcd03f39193,
        type: 3}
      propertyPath: m_Materials.Array.size
      value: 1
      objectReference: {fileID: 0}
    - target: {fileID: 4865962382455092573, guid: cf364b7dac6e4804dbcf9dcd03f39193,
        type: 3}
      propertyPath: m_Materials.Array.data[1]
      value: 
      objectReference: {fileID: 2100000, guid: b5f1a79249fa0694fad2fb31c8c62eae, type: 2}
    - target: {fileID: 5775966091114205633, guid: cf364b7dac6e4804dbcf9dcd03f39193,
        type: 3}
      propertyPath: m_LocalPosition.x
      value: 0.01
      objectReference: {fileID: 0}
    - target: {fileID: 5775966091114205633, guid: cf364b7dac6e4804dbcf9dcd03f39193,
        type: 3}
      propertyPath: m_LocalPosition.y
      value: -0.01
      objectReference: {fileID: 0}
    - target: {fileID: 5775966091114205633, guid: cf364b7dac6e4804dbcf9dcd03f39193,
        type: 3}
      propertyPath: m_LocalPosition.z
      value: 0.01
      objectReference: {fileID: 0}
    - target: {fileID: 6145871109776254928, guid: cf364b7dac6e4804dbcf9dcd03f39193,
        type: 3}
      propertyPath: m_RootOrder
      value: 6
      objectReference: {fileID: 0}
    - target: {fileID: 6145871109776254928, guid: cf364b7dac6e4804dbcf9dcd03f39193,
        type: 3}
      propertyPath: m_LocalScale.x
      value: 1
      objectReference: {fileID: 0}
    - target: {fileID: 6145871109776254928, guid: cf364b7dac6e4804dbcf9dcd03f39193,
        type: 3}
      propertyPath: m_LocalScale.y
      value: 1
      objectReference: {fileID: 0}
    - target: {fileID: 6145871109776254928, guid: cf364b7dac6e4804dbcf9dcd03f39193,
        type: 3}
      propertyPath: m_LocalScale.z
      value: 1
      objectReference: {fileID: 0}
    - target: {fileID: 6145871109776254928, guid: cf364b7dac6e4804dbcf9dcd03f39193,
        type: 3}
      propertyPath: m_LocalPosition.x
      value: 0.172
      objectReference: {fileID: 0}
    - target: {fileID: 6145871109776254928, guid: cf364b7dac6e4804dbcf9dcd03f39193,
        type: 3}
      propertyPath: m_LocalPosition.y
      value: -0.0175
      objectReference: {fileID: 0}
    - target: {fileID: 6145871109776254928, guid: cf364b7dac6e4804dbcf9dcd03f39193,
        type: 3}
      propertyPath: m_LocalPosition.z
      value: 0
      objectReference: {fileID: 0}
    - target: {fileID: 6145871109776254928, guid: cf364b7dac6e4804dbcf9dcd03f39193,
        type: 3}
      propertyPath: m_LocalRotation.w
      value: 0.95105654
      objectReference: {fileID: 0}
    - target: {fileID: 6145871109776254928, guid: cf364b7dac6e4804dbcf9dcd03f39193,
        type: 3}
      propertyPath: m_LocalRotation.x
      value: 0
      objectReference: {fileID: 0}
    - target: {fileID: 6145871109776254928, guid: cf364b7dac6e4804dbcf9dcd03f39193,
        type: 3}
      propertyPath: m_LocalRotation.y
      value: 0
      objectReference: {fileID: 0}
    - target: {fileID: 6145871109776254928, guid: cf364b7dac6e4804dbcf9dcd03f39193,
        type: 3}
      propertyPath: m_LocalRotation.z
      value: -0.3090171
      objectReference: {fileID: 0}
    - target: {fileID: 6145871109776254928, guid: cf364b7dac6e4804dbcf9dcd03f39193,
        type: 3}
      propertyPath: m_LocalEulerAnglesHint.x
      value: 0
      objectReference: {fileID: 0}
    - target: {fileID: 6145871109776254928, guid: cf364b7dac6e4804dbcf9dcd03f39193,
        type: 3}
      propertyPath: m_LocalEulerAnglesHint.y
      value: 0
      objectReference: {fileID: 0}
    - target: {fileID: 6145871109776254928, guid: cf364b7dac6e4804dbcf9dcd03f39193,
        type: 3}
      propertyPath: m_LocalEulerAnglesHint.z
      value: -36
      objectReference: {fileID: 0}
    - target: {fileID: 6420849661809830532, guid: cf364b7dac6e4804dbcf9dcd03f39193,
        type: 3}
      propertyPath: m_LocalRotation.w
      value: 0
      objectReference: {fileID: 0}
    - target: {fileID: 6420849661809830532, guid: cf364b7dac6e4804dbcf9dcd03f39193,
        type: 3}
      propertyPath: m_LocalRotation.x
      value: 0
      objectReference: {fileID: 0}
    - target: {fileID: 6420849661809830532, guid: cf364b7dac6e4804dbcf9dcd03f39193,
        type: 3}
      propertyPath: m_LocalRotation.z
      value: 1
      objectReference: {fileID: 0}
    - target: {fileID: 6420849661809830532, guid: cf364b7dac6e4804dbcf9dcd03f39193,
        type: 3}
      propertyPath: m_LocalEulerAnglesHint.z
      value: 180
      objectReference: {fileID: 0}
    - target: {fileID: 6677644750271662501, guid: cf364b7dac6e4804dbcf9dcd03f39193,
        type: 3}
      propertyPath: m_Mesh
      value: 
      objectReference: {fileID: 7617330845742334320, guid: c0c1cffd300ac5a48b293934ecb93609,
        type: 3}
    - target: {fileID: 7763664820509634572, guid: cf364b7dac6e4804dbcf9dcd03f39193,
        type: 3}
      propertyPath: m_Name
      value: BasePieChartPart (2)
      objectReference: {fileID: 0}
    m_RemovedComponents: []
  m_SourcePrefab: {fileID: 100100000, guid: cf364b7dac6e4804dbcf9dcd03f39193, type: 3}
--- !u!114 &8561463060520618530 stripped
MonoBehaviour:
  m_CorrespondingSourceObject: {fileID: 1702258682494781228, guid: cf364b7dac6e4804dbcf9dcd03f39193,
    type: 3}
  m_PrefabInstance: {fileID: 7012049688427285774}
  m_PrefabAsset: {fileID: 0}
  m_GameObject: {fileID: 0}
  m_Enabled: 1
  m_EditorHideFlags: 0
  m_Script: {fileID: 11500000, guid: 330fefdb101b11a41b5535c5a08cef74, type: 3}
  m_Name: 
  m_EditorClassIdentifier: 
--- !u!1001 &7030595056985778724
PrefabInstance:
  m_ObjectHideFlags: 0
  serializedVersion: 2
  m_Modification:
    m_TransformParent: {fileID: 6961662585134809676}
    m_Modifications:
    - target: {fileID: 1702258682494781228, guid: cf364b7dac6e4804dbcf9dcd03f39193,
        type: 3}
      propertyPath: m_counterUpgrade
      value: 2
      objectReference: {fileID: 0}
    - target: {fileID: 1702258682494781228, guid: cf364b7dac6e4804dbcf9dcd03f39193,
        type: 3}
      propertyPath: pieChartPartType
      value: 0
      objectReference: {fileID: 0}
    - target: {fileID: 3657655935757711224, guid: cf364b7dac6e4804dbcf9dcd03f39193,
        type: 3}
      propertyPath: m_LocalRotation.w
      value: -0.5358266
      objectReference: {fileID: 0}
    - target: {fileID: 3657655935757711224, guid: cf364b7dac6e4804dbcf9dcd03f39193,
        type: 3}
      propertyPath: m_LocalRotation.y
      value: 0
      objectReference: {fileID: 0}
    - target: {fileID: 3657655935757711224, guid: cf364b7dac6e4804dbcf9dcd03f39193,
        type: 3}
      propertyPath: m_LocalRotation.z
      value: -0.84432805
      objectReference: {fileID: 0}
    - target: {fileID: 3657655935757711224, guid: cf364b7dac6e4804dbcf9dcd03f39193,
        type: 3}
      propertyPath: m_AnchoredPosition.x
      value: 0.079
      objectReference: {fileID: 0}
    - target: {fileID: 3657655935757711224, guid: cf364b7dac6e4804dbcf9dcd03f39193,
        type: 3}
      propertyPath: m_AnchoredPosition.y
      value: -0.013
      objectReference: {fileID: 0}
    - target: {fileID: 3657655935757711224, guid: cf364b7dac6e4804dbcf9dcd03f39193,
        type: 3}
      propertyPath: m_LocalEulerAnglesHint.z
      value: -244.8
      objectReference: {fileID: 0}
    - target: {fileID: 3833394123290583109, guid: cf364b7dac6e4804dbcf9dcd03f39193,
        type: 3}
      propertyPath: m_LocalRotation.w
      value: 0.7132505
      objectReference: {fileID: 0}
    - target: {fileID: 3833394123290583109, guid: cf364b7dac6e4804dbcf9dcd03f39193,
        type: 3}
      propertyPath: m_LocalRotation.z
      value: -0.70090926
      objectReference: {fileID: 0}
    - target: {fileID: 3833394123290583109, guid: cf364b7dac6e4804dbcf9dcd03f39193,
        type: 3}
      propertyPath: m_LocalEulerAnglesHint.z
      value: -89
      objectReference: {fileID: 0}
    - target: {fileID: 4865962382455092573, guid: cf364b7dac6e4804dbcf9dcd03f39193,
        type: 3}
      propertyPath: m_Materials.Array.size
      value: 1
      objectReference: {fileID: 0}
    - target: {fileID: 4865962382455092573, guid: cf364b7dac6e4804dbcf9dcd03f39193,
        type: 3}
      propertyPath: m_Materials.Array.data[1]
      value: 
      objectReference: {fileID: 2100000, guid: b5f1a79249fa0694fad2fb31c8c62eae, type: 2}
    - target: {fileID: 5775966091114205633, guid: cf364b7dac6e4804dbcf9dcd03f39193,
        type: 3}
      propertyPath: m_LocalPosition.x
      value: 0.01
      objectReference: {fileID: 0}
    - target: {fileID: 5775966091114205633, guid: cf364b7dac6e4804dbcf9dcd03f39193,
        type: 3}
      propertyPath: m_LocalPosition.y
      value: -0.01
      objectReference: {fileID: 0}
    - target: {fileID: 5775966091114205633, guid: cf364b7dac6e4804dbcf9dcd03f39193,
        type: 3}
      propertyPath: m_LocalPosition.z
      value: 0.01
      objectReference: {fileID: 0}
    - target: {fileID: 6145871109776254928, guid: cf364b7dac6e4804dbcf9dcd03f39193,
        type: 3}
      propertyPath: m_RootOrder
      value: 4
      objectReference: {fileID: 0}
    - target: {fileID: 6145871109776254928, guid: cf364b7dac6e4804dbcf9dcd03f39193,
        type: 3}
      propertyPath: m_LocalScale.x
      value: 1
      objectReference: {fileID: 0}
    - target: {fileID: 6145871109776254928, guid: cf364b7dac6e4804dbcf9dcd03f39193,
        type: 3}
      propertyPath: m_LocalScale.y
      value: 1
      objectReference: {fileID: 0}
    - target: {fileID: 6145871109776254928, guid: cf364b7dac6e4804dbcf9dcd03f39193,
        type: 3}
      propertyPath: m_LocalScale.z
      value: 1
      objectReference: {fileID: 0}
    - target: {fileID: 6145871109776254928, guid: cf364b7dac6e4804dbcf9dcd03f39193,
        type: 3}
      propertyPath: m_LocalPosition.x
      value: 0.15
      objectReference: {fileID: 0}
    - target: {fileID: 6145871109776254928, guid: cf364b7dac6e4804dbcf9dcd03f39193,
        type: 3}
      propertyPath: m_LocalPosition.y
      value: 0.12
      objectReference: {fileID: 0}
    - target: {fileID: 6145871109776254928, guid: cf364b7dac6e4804dbcf9dcd03f39193,
        type: 3}
      propertyPath: m_LocalPosition.z
      value: -0
      objectReference: {fileID: 0}
    - target: {fileID: 6145871109776254928, guid: cf364b7dac6e4804dbcf9dcd03f39193,
        type: 3}
      propertyPath: m_LocalRotation.w
      value: 1
      objectReference: {fileID: 0}
    - target: {fileID: 6145871109776254928, guid: cf364b7dac6e4804dbcf9dcd03f39193,
        type: 3}
      propertyPath: m_LocalRotation.x
      value: 0
      objectReference: {fileID: 0}
    - target: {fileID: 6145871109776254928, guid: cf364b7dac6e4804dbcf9dcd03f39193,
        type: 3}
      propertyPath: m_LocalRotation.y
      value: 0
      objectReference: {fileID: 0}
    - target: {fileID: 6145871109776254928, guid: cf364b7dac6e4804dbcf9dcd03f39193,
        type: 3}
      propertyPath: m_LocalRotation.z
      value: 0
      objectReference: {fileID: 0}
    - target: {fileID: 6145871109776254928, guid: cf364b7dac6e4804dbcf9dcd03f39193,
        type: 3}
      propertyPath: m_LocalEulerAnglesHint.x
      value: 0
      objectReference: {fileID: 0}
    - target: {fileID: 6145871109776254928, guid: cf364b7dac6e4804dbcf9dcd03f39193,
        type: 3}
      propertyPath: m_LocalEulerAnglesHint.y
      value: 0
      objectReference: {fileID: 0}
    - target: {fileID: 6145871109776254928, guid: cf364b7dac6e4804dbcf9dcd03f39193,
        type: 3}
      propertyPath: m_LocalEulerAnglesHint.z
      value: 0
      objectReference: {fileID: 0}
    - target: {fileID: 6420849661809830532, guid: cf364b7dac6e4804dbcf9dcd03f39193,
        type: 3}
      propertyPath: m_LocalRotation.w
      value: 0
      objectReference: {fileID: 0}
    - target: {fileID: 6420849661809830532, guid: cf364b7dac6e4804dbcf9dcd03f39193,
        type: 3}
      propertyPath: m_LocalRotation.x
      value: 0
      objectReference: {fileID: 0}
    - target: {fileID: 6420849661809830532, guid: cf364b7dac6e4804dbcf9dcd03f39193,
        type: 3}
      propertyPath: m_LocalRotation.z
      value: 1
      objectReference: {fileID: 0}
    - target: {fileID: 6420849661809830532, guid: cf364b7dac6e4804dbcf9dcd03f39193,
        type: 3}
      propertyPath: m_LocalEulerAnglesHint.z
      value: 180
      objectReference: {fileID: 0}
    - target: {fileID: 6677644750271662501, guid: cf364b7dac6e4804dbcf9dcd03f39193,
        type: 3}
      propertyPath: m_Mesh
      value: 
      objectReference: {fileID: 8433045540174336288, guid: f3de4fcc8ba920b4b95080e79d58b58b,
        type: 3}
    - target: {fileID: 7763664820509634572, guid: cf364b7dac6e4804dbcf9dcd03f39193,
        type: 3}
      propertyPath: m_Name
      value: BasePieChartPart (6)
      objectReference: {fileID: 0}
    m_RemovedComponents: []
  m_SourcePrefab: {fileID: 100100000, guid: cf364b7dac6e4804dbcf9dcd03f39193, type: 3}
--- !u!114 &8506758413566094600 stripped
MonoBehaviour:
  m_CorrespondingSourceObject: {fileID: 1702258682494781228, guid: cf364b7dac6e4804dbcf9dcd03f39193,
    type: 3}
  m_PrefabInstance: {fileID: 7030595056985778724}
  m_PrefabAsset: {fileID: 0}
  m_GameObject: {fileID: 0}
  m_Enabled: 1
  m_EditorHideFlags: 0
  m_Script: {fileID: 11500000, guid: 330fefdb101b11a41b5535c5a08cef74, type: 3}
  m_Name: 
  m_EditorClassIdentifier: 
--- !u!1001 &9182436855210506561
PrefabInstance:
  m_ObjectHideFlags: 0
  serializedVersion: 2
  m_Modification:
    m_TransformParent: {fileID: 6961662585134809676}
    m_Modifications:
    - target: {fileID: 1702258682494781228, guid: cf364b7dac6e4804dbcf9dcd03f39193,
        type: 3}
      propertyPath: m_counterUpgrade
      value: 5
      objectReference: {fileID: 0}
    - target: {fileID: 1702258682494781228, guid: cf364b7dac6e4804dbcf9dcd03f39193,
        type: 3}
      propertyPath: pieChartPartType
      value: 0
      objectReference: {fileID: 0}
    - target: {fileID: 3657655935757711224, guid: cf364b7dac6e4804dbcf9dcd03f39193,
        type: 3}
      propertyPath: m_LocalRotation.w
      value: -0.5475632
      objectReference: {fileID: 0}
    - target: {fileID: 3657655935757711224, guid: cf364b7dac6e4804dbcf9dcd03f39193,
        type: 3}
      propertyPath: m_LocalRotation.y
      value: 0
      objectReference: {fileID: 0}
    - target: {fileID: 3657655935757711224, guid: cf364b7dac6e4804dbcf9dcd03f39193,
        type: 3}
      propertyPath: m_LocalRotation.z
      value: -0.83676434
      objectReference: {fileID: 0}
    - target: {fileID: 3657655935757711224, guid: cf364b7dac6e4804dbcf9dcd03f39193,
        type: 3}
      propertyPath: m_AnchoredPosition.x
      value: 0.077
      objectReference: {fileID: 0}
    - target: {fileID: 3657655935757711224, guid: cf364b7dac6e4804dbcf9dcd03f39193,
        type: 3}
      propertyPath: m_AnchoredPosition.y
      value: -0.014
      objectReference: {fileID: 0}
    - target: {fileID: 3657655935757711224, guid: cf364b7dac6e4804dbcf9dcd03f39193,
        type: 3}
      propertyPath: m_LocalEulerAnglesHint.z
      value: -246.4
      objectReference: {fileID: 0}
    - target: {fileID: 3833394123290583109, guid: cf364b7dac6e4804dbcf9dcd03f39193,
        type: 3}
      propertyPath: m_LocalRotation.w
      value: 0.7132505
      objectReference: {fileID: 0}
    - target: {fileID: 3833394123290583109, guid: cf364b7dac6e4804dbcf9dcd03f39193,
        type: 3}
      propertyPath: m_LocalRotation.z
      value: -0.70090926
      objectReference: {fileID: 0}
    - target: {fileID: 3833394123290583109, guid: cf364b7dac6e4804dbcf9dcd03f39193,
        type: 3}
      propertyPath: m_LocalEulerAnglesHint.z
      value: -89
      objectReference: {fileID: 0}
    - target: {fileID: 4865962382455092573, guid: cf364b7dac6e4804dbcf9dcd03f39193,
        type: 3}
      propertyPath: m_Materials.Array.size
      value: 1
      objectReference: {fileID: 0}
    - target: {fileID: 4865962382455092573, guid: cf364b7dac6e4804dbcf9dcd03f39193,
        type: 3}
      propertyPath: m_Materials.Array.data[1]
      value: 
      objectReference: {fileID: 2100000, guid: b5f1a79249fa0694fad2fb31c8c62eae, type: 2}
    - target: {fileID: 5775966091114205633, guid: cf364b7dac6e4804dbcf9dcd03f39193,
        type: 3}
      propertyPath: m_LocalPosition.x
      value: 0.01
      objectReference: {fileID: 0}
    - target: {fileID: 5775966091114205633, guid: cf364b7dac6e4804dbcf9dcd03f39193,
        type: 3}
      propertyPath: m_LocalPosition.y
      value: -0.01
      objectReference: {fileID: 0}
    - target: {fileID: 5775966091114205633, guid: cf364b7dac6e4804dbcf9dcd03f39193,
        type: 3}
      propertyPath: m_LocalPosition.z
      value: 0.01
      objectReference: {fileID: 0}
    - target: {fileID: 6145871109776254928, guid: cf364b7dac6e4804dbcf9dcd03f39193,
        type: 3}
      propertyPath: m_RootOrder
      value: 3
      objectReference: {fileID: 0}
    - target: {fileID: 6145871109776254928, guid: cf364b7dac6e4804dbcf9dcd03f39193,
        type: 3}
      propertyPath: m_LocalScale.x
      value: 1
      objectReference: {fileID: 0}
    - target: {fileID: 6145871109776254928, guid: cf364b7dac6e4804dbcf9dcd03f39193,
        type: 3}
      propertyPath: m_LocalScale.y
      value: 1
      objectReference: {fileID: 0}
    - target: {fileID: 6145871109776254928, guid: cf364b7dac6e4804dbcf9dcd03f39193,
        type: 3}
      propertyPath: m_LocalScale.z
      value: 1
      objectReference: {fileID: 0}
    - target: {fileID: 6145871109776254928, guid: cf364b7dac6e4804dbcf9dcd03f39193,
        type: 3}
      propertyPath: m_LocalPosition.x
      value: -0.12
      objectReference: {fileID: 0}
    - target: {fileID: 6145871109776254928, guid: cf364b7dac6e4804dbcf9dcd03f39193,
        type: 3}
      propertyPath: m_LocalPosition.y
      value: 0.15
      objectReference: {fileID: 0}
    - target: {fileID: 6145871109776254928, guid: cf364b7dac6e4804dbcf9dcd03f39193,
        type: 3}
      propertyPath: m_LocalPosition.z
      value: 0
      objectReference: {fileID: 0}
    - target: {fileID: 6145871109776254928, guid: cf364b7dac6e4804dbcf9dcd03f39193,
        type: 3}
      propertyPath: m_LocalRotation.w
      value: 0.7071068
      objectReference: {fileID: 0}
    - target: {fileID: 6145871109776254928, guid: cf364b7dac6e4804dbcf9dcd03f39193,
        type: 3}
      propertyPath: m_LocalRotation.x
      value: 0
      objectReference: {fileID: 0}
    - target: {fileID: 6145871109776254928, guid: cf364b7dac6e4804dbcf9dcd03f39193,
        type: 3}
      propertyPath: m_LocalRotation.y
      value: 0
      objectReference: {fileID: 0}
    - target: {fileID: 6145871109776254928, guid: cf364b7dac6e4804dbcf9dcd03f39193,
        type: 3}
      propertyPath: m_LocalRotation.z
      value: 0.7071068
      objectReference: {fileID: 0}
    - target: {fileID: 6145871109776254928, guid: cf364b7dac6e4804dbcf9dcd03f39193,
        type: 3}
      propertyPath: m_LocalEulerAnglesHint.x
      value: 0
      objectReference: {fileID: 0}
    - target: {fileID: 6145871109776254928, guid: cf364b7dac6e4804dbcf9dcd03f39193,
        type: 3}
      propertyPath: m_LocalEulerAnglesHint.y
      value: 0
      objectReference: {fileID: 0}
    - target: {fileID: 6145871109776254928, guid: cf364b7dac6e4804dbcf9dcd03f39193,
        type: 3}
      propertyPath: m_LocalEulerAnglesHint.z
      value: 90
      objectReference: {fileID: 0}
    - target: {fileID: 6420849661809830532, guid: cf364b7dac6e4804dbcf9dcd03f39193,
        type: 3}
      propertyPath: m_LocalRotation.w
      value: 0
      objectReference: {fileID: 0}
    - target: {fileID: 6420849661809830532, guid: cf364b7dac6e4804dbcf9dcd03f39193,
        type: 3}
      propertyPath: m_LocalRotation.x
      value: 0
      objectReference: {fileID: 0}
    - target: {fileID: 6420849661809830532, guid: cf364b7dac6e4804dbcf9dcd03f39193,
        type: 3}
      propertyPath: m_LocalRotation.z
      value: 1
      objectReference: {fileID: 0}
    - target: {fileID: 6420849661809830532, guid: cf364b7dac6e4804dbcf9dcd03f39193,
        type: 3}
      propertyPath: m_LocalEulerAnglesHint.z
      value: 180
      objectReference: {fileID: 0}
    - target: {fileID: 6677644750271662501, guid: cf364b7dac6e4804dbcf9dcd03f39193,
        type: 3}
      propertyPath: m_Mesh
      value: 
      objectReference: {fileID: 8433045540174336288, guid: f3de4fcc8ba920b4b95080e79d58b58b,
        type: 3}
    - target: {fileID: 7763664820509634572, guid: cf364b7dac6e4804dbcf9dcd03f39193,
        type: 3}
      propertyPath: m_Name
      value: BasePieChartPart (5)
      objectReference: {fileID: 0}
    m_RemovedComponents: []
  m_SourcePrefab: {fileID: 100100000, guid: cf364b7dac6e4804dbcf9dcd03f39193, type: 3}
--- !u!114 &7561881238436052589 stripped
MonoBehaviour:
  m_CorrespondingSourceObject: {fileID: 1702258682494781228, guid: cf364b7dac6e4804dbcf9dcd03f39193,
    type: 3}
  m_PrefabInstance: {fileID: 9182436855210506561}
  m_PrefabAsset: {fileID: 0}
  m_GameObject: {fileID: 0}
  m_Enabled: 1
  m_EditorHideFlags: 0
  m_Script: {fileID: 11500000, guid: 330fefdb101b11a41b5535c5a08cef74, type: 3}
  m_Name: 
  m_EditorClassIdentifier: 
